{"ticker": "EQH", "price": {"title": "Equitable Holdings Historical Annual Stock Price Data", "value": 26.75, "historical": {"2020": {"Average Stock Price": "20.8046", "Year Open": "24.9000", "Year High": "27.1500", "Year Low": "10.4200", "Year Close": "25.5900", "Annual % Change": "3.27%"}, "2019": {"Average Stock Price": "21.3339", "Year Open": "16.4100", "Year High": "24.9700", "Year Low": "16.2200", "Year Close": "24.7800", "Annual % Change": "49.01%"}, "2018": {"Average Stock Price": "20.8416", "Year Open": "20.3400", "Year High": "23.0300", "Year Low": "14.9100", "Year Close": "16.6300", "Annual % Change": "0.00%"}}}, "market cap": {"value": "$11.9B"}, "income statement": {"Revenue": {"2019-12-31": "", "2018-12-31": ""}, "Cost Of Goods Sold": {"2019-12-31": "", "2018-12-31": ""}, "Gross Profit": {"2019-12-31": "", "2018-12-31": ""}, "Research And Development Expenses": {"2019-12-31": "", "2018-12-31": ""}, "SG&A Expenses": {"2019-12-31": "", "2018-12-31": ""}, "Other Operating Income Or Expenses": {"2019-12-31": "", "2018-12-31": ""}, "Operating Expenses": {"2019-12-31": "", "2018-12-31": ""}, "Operating Income": {"2019-12-31": "", "2018-12-31": ""}, "Total Non-Operating Income/Expense": {"2019-12-31": "", "2018-12-31": ""}, "Pre-Tax Income": {"2019-12-31": "", "2018-12-31": ""}, "Income Taxes": {"2019-12-31": "", "2018-12-31": ""}, "Income After Taxes": {"2019-12-31": "", "2018-12-31": ""}, "Other Income": {"2019-12-31": "", "2018-12-31": ""}, "Income From Continuous Operations": {"2019-12-31": "2397.00000", "2018-12-31": "2166.00000"}, "Income From Discontinued Operations": {"2019-12-31": "", "2018-12-31": ""}, "Net Income": {"2019-12-31": "2397.00000", "2018-12-31": "2166.00000"}, "EBITDA": {"2019-12-31": "", "2018-12-31": ""}, "EBIT": {"2019-12-31": "", "2018-12-31": ""}, "Basic Shares Outstanding": {"2019-12-31": "-682.90600", "2018-12-31": "662.38530"}, "Shares Outstanding": {"2019-12-31": "-682.90600", "2018-12-31": "662.38530"}, "Basic EPS": {"2019-12-31": "-3.51000", "2018-12-31": "3.27000"}, "EPS - Earnings Per Share": {"2019-12-31": "-3.51000", "2018-12-31": "3.27000"}}, "income statement, quarterly": {"Revenue": {"2020-09-30": "", "2020-06-30": "", "2020-03-31": "", "2019-12-31": "", "2019-09-30": "", "2019-06-30": "", "2019-03-31": "", "2018-12-31": "", "2018-09-30": "", "2018-06-30": "", "2018-03-31": ""}, "Cost Of Goods Sold": {"2020-09-30": "", "2020-06-30": "", "2020-03-31": "", "2019-12-31": "", "2019-09-30": "", "2019-06-30": "", "2019-03-31": "", "2018-12-31": "", "2018-09-30": "", "2018-06-30": "", "2018-03-31": ""}, "Gross Profit": {"2020-09-30": "", "2020-06-30": "", "2020-03-31": "", "2019-12-31": "", "2019-09-30": "", "2019-06-30": "", "2019-03-31": "", "2018-12-31": "", "2018-09-30": "", "2018-06-30": "", "2018-03-31": ""}, "Research And Development Expenses": {"2020-09-30": "", "2020-06-30": "", "2020-03-31": "", "2019-12-31": "", "2019-09-30": "", "2019-06-30": "", "2019-03-31": "", "2018-12-31": "", "2018-09-30": "", "2018-06-30": "", "2018-03-31": ""}, "SG&A Expenses": {"2020-09-30": "", "2020-06-30": "", "2020-03-31": "", "2019-12-31": "", "2019-09-30": "", "2019-06-30": "", "2019-03-31": "", "2018-12-31": "", "2018-09-30": "", "2018-06-30": "", "2018-03-31": ""}, "Other Operating Income Or Expenses": {"2020-09-30": "", "2020-06-30": "", "2020-03-31": "", "2019-12-31": "", "2019-09-30": "", "2019-06-30": "", "2019-03-31": "", "2018-12-31": "", "2018-09-30": "", "2018-06-30": "", "2018-03-31": ""}, "Operating Expenses": {"2020-09-30": "", "2020-06-30": "", "2020-03-31": "", "2019-12-31": "", "2019-09-30": "", "2019-06-30": "", "2019-03-31": "", "2018-12-31": "", "2018-09-30": "", "2018-06-30": "", "2018-03-31": ""}, "Operating Income": {"2020-09-30": "", "2020-06-30": "", "2020-03-31": "", "2019-12-31": "", "2019-09-30": "", "2019-06-30": "", "2019-03-31": "", "2018-12-31": "", "2018-09-30": "", "2018-06-30": "", "2018-03-31": ""}, "Total Non-Operating Income/Expense": {"2020-09-30": "", "2020-06-30": "", "2020-03-31": "", "2019-12-31": "", "2019-09-30": "", "2019-06-30": "", "2019-03-31": "", "2018-12-31": "", "2018-09-30": "", "2018-06-30": "", "2018-03-31": ""}, "Pre-Tax Income": {"2020-09-30": "", "2020-06-30": "", "2020-03-31": "", "2019-12-31": "", "2019-09-30": "", "2019-06-30": "", "2019-03-31": "", "2018-12-31": "", "2018-09-30": "", "2018-06-30": "", "2018-03-31": ""}, "Income Taxes": {"2020-09-30": "", "2020-06-30": "", "2020-03-31": "", "2019-12-31": "", "2019-09-30": "", "2019-06-30": "", "2019-03-31": "", "2018-12-31": "", "2018-09-30": "", "2018-06-30": "", "2018-03-31": ""}, "Income After Taxes": {"2020-09-30": "", "2020-06-30": "", "2020-03-31": "", "2019-12-31": "", "2019-09-30": "", "2019-06-30": "", "2019-03-31": "", "2018-12-31": "", "2018-09-30": "", "2018-06-30": "", "2018-03-31": ""}, "Other Income": {"2020-09-30": "", "2020-06-30": "", "2020-03-31": "", "2019-12-31": "", "2019-09-30": "", "2019-06-30": "", "2019-03-31": "", "2018-12-31": "", "2018-09-30": "", "2018-06-30": "", "2018-03-31": ""}, "Income From Continuous Operations": {"2020-09-30": "", "2020-06-30": "", "2020-03-31": "", "2019-12-31": "", "2019-09-30": "", "2019-06-30": "", "2019-03-31": "", "2018-12-31": "", "2018-09-30": "", "2018-06-30": "", "2018-03-31": ""}, "Income From Discontinued Operations": {"2020-09-30": "", "2020-06-30": "", "2020-03-31": "", "2019-12-31": "", "2019-09-30": "", "2019-06-30": "", "2019-03-31": "", "2018-12-31": "", "2018-09-30": "", "2018-06-30": "", "2018-03-31": ""}, "Net Income": {"2020-09-30": "", "2020-06-30": "", "2020-03-31": "", "2019-12-31": "", "2019-09-30": "", "2019-06-30": "", "2019-03-31": "", "2018-12-31": "", "2018-09-30": "", "2018-06-30": "", "2018-03-31": ""}, "EBITDA": {"2020-09-30": "", "2020-06-30": "", "2020-03-31": "", "2019-12-31": "", "2019-09-30": "", "2019-06-30": "", "2019-03-31": "", "2018-12-31": "", "2018-09-30": "", "2018-06-30": "", "2018-03-31": ""}, "EBIT": {"2020-09-30": "", "2020-06-30": "", "2020-03-31": "", "2019-12-31": "", "2019-09-30": "", "2019-06-30": "", "2019-03-31": "", "2018-12-31": "", "2018-09-30": "", "2018-06-30": "", "2018-03-31": ""}, "Basic Shares Outstanding": {"2020-09-30": "", "2020-06-30": "", "2020-03-31": "", "2019-12-31": "", "2019-09-30": "", "2019-06-30": "", "2019-03-31": "", "2018-12-31": "", "2018-09-30": "", "2018-06-30": "", "2018-03-31": ""}, "Shares Outstanding": {"2020-09-30": "", "2020-06-30": "", "2020-03-31": "", "2019-12-31": "", "2019-09-30": "", "2019-06-30": "", "2019-03-31": "", "2018-12-31": "", "2018-09-30": "", "2018-06-30": "", "2018-03-31": ""}, "Basic EPS": {"2020-09-30": "-1.77000", "2020-06-30": "-8.96000", "2020-03-31": "11.71000", "2019-12-31": "-1.97000", "2019-09-30": "-0.78000", "2019-06-30": "0.74000", "2019-03-31": "-1.50000", "2018-12-31": "3.57000", "2018-09-30": "-0.89000", "2018-06-30": "0.28000", "2018-03-31": "0.30000"}, "EPS - Earnings Per Share": {"2020-09-30": "-1.77000", "2020-06-30": "-8.96000", "2020-03-31": "11.65000", "2019-12-31": "-1.97000", "2019-09-30": "-0.78000", "2019-06-30": "0.74000", "2019-03-31": "-1.50000", "2018-12-31": "3.57000", "2018-09-30": "-0.89000", "2018-06-30": "0.28000", "2018-03-31": "0.30000"}}, "balance sheet": {"Cash On Hand": {"2019-12-31": "", "2018-12-31": ""}, "Receivables": {"2019-12-31": "", "2018-12-31": ""}, "Inventory": {"2019-12-31": "", "2018-12-31": ""}, "Pre-Paid Expenses": {"2019-12-31": "", "2018-12-31": ""}, "Other Current Assets": {"2019-12-31": "", "2018-12-31": ""}, "Total Current Assets": {"2019-12-31": "", "2018-12-31": ""}, "Property, Plant, And Equipment": {"2019-12-31": "", "2018-12-31": ""}, "Long-Term Investments": {"2019-12-31": "", "2018-12-31": ""}, "Goodwill And Intangible Assets": {"2019-12-31": "", "2018-12-31": ""}, "Other Long-Term Assets": {"2019-12-31": "", "2018-12-31": ""}, "Total Long-Term Assets": {"2019-12-31": "", "2018-12-31": ""}, "Total Assets": {"2019-12-31": "0.00000", "2018-12-31": "0.00000"}, "Total Current Liabilities": {"2019-12-31": "", "2018-12-31": ""}, "Long Term Debt": {"2019-12-31": "", "2018-12-31": ""}, "Other Non-Current Liabilities": {"2019-12-31": "", "2018-12-31": ""}, "Total Long Term Liabilities": {"2019-12-31": "", "2018-12-31": ""}, "Total Liabilities": {"2019-12-31": "", "2018-12-31": ""}, "Common Stock Net": {"2019-12-31": "", "2018-12-31": ""}, "Retained Earnings (Accumulated Deficit)": {"2019-12-31": "", "2018-12-31": ""}, "Comprehensive Income": {"2019-12-31": "", "2018-12-31": ""}, "Other Share Holders Equity": {"2019-12-31": "", "2018-12-31": ""}, "Share Holder Equity": {"2019-12-31": "", "2018-12-31": ""}, "Total Liabilities And Share Holders Equity": {"2019-12-31": "", "2018-12-31": ""}}, "balance sheet, quarterly": {"Cash On Hand": {"2020-09-30": "", "2020-06-30": "", "2020-03-31": "", "2019-12-31": "", "2019-09-30": "", "2019-06-30": "", "2019-03-31": "", "2018-12-31": "", "2018-09-30": "", "2018-06-30": "", "2018-03-31": ""}, "Receivables": {"2020-09-30": "", "2020-06-30": "", "2020-03-31": "", "2019-12-31": "", "2019-09-30": "", "2019-06-30": "", "2019-03-31": "", "2018-12-31": "", "2018-09-30": "", "2018-06-30": "", "2018-03-31": ""}, "Inventory": {"2020-09-30": "", "2020-06-30": "", "2020-03-31": "", "2019-12-31": "", "2019-09-30": "", "2019-06-30": "", "2019-03-31": "", "2018-12-31": "", "2018-09-30": "", "2018-06-30": "", "2018-03-31": ""}, "Pre-Paid Expenses": {"2020-09-30": "", "2020-06-30": "", "2020-03-31": "", "2019-12-31": "", "2019-09-30": "", "2019-06-30": "", "2019-03-31": "", "2018-12-31": "", "2018-09-30": "", "2018-06-30": "", "2018-03-31": ""}, "Other Current Assets": {"2020-09-30": "", "2020-06-30": "", "2020-03-31": "", "2019-12-31": "", "2019-09-30": "", "2019-06-30": "", "2019-03-31": "", "2018-12-31": "", "2018-09-30": "", "2018-06-30": "", "2018-03-31": ""}, "Total Current Assets": {"2020-09-30": "", "2020-06-30": "", "2020-03-31": "", "2019-12-31": "", "2019-09-30": "", "2019-06-30": "", "2019-03-31": "", "2018-12-31": "", "2018-09-30": "", "2018-06-30": "", "2018-03-31": ""}, "Property, Plant, And Equipment": {"2020-09-30": "", "2020-06-30": "", "2020-03-31": "", "2019-12-31": "", "2019-09-30": "", "2019-06-30": "", "2019-03-31": "", "2018-12-31": "", "2018-09-30": "", "2018-06-30": "", "2018-03-31": ""}, "Long-Term Investments": {"2020-09-30": "", "2020-06-30": "", "2020-03-31": "", "2019-12-31": "", "2019-09-30": "", "2019-06-30": "", "2019-03-31": "", "2018-12-31": "", "2018-09-30": "", "2018-06-30": "", "2018-03-31": ""}, "Goodwill And Intangible Assets": {"2020-09-30": "", "2020-06-30": "", "2020-03-31": "", "2019-12-31": "", "2019-09-30": "", "2019-06-30": "", "2019-03-31": "", "2018-12-31": "", "2018-09-30": "", "2018-06-30": "", "2018-03-31": ""}, "Other Long-Term Assets": {"2020-09-30": "", "2020-06-30": "", "2020-03-31": "", "2019-12-31": "", "2019-09-30": "", "2019-06-30": "", "2019-03-31": "", "2018-12-31": "", "2018-09-30": "", "2018-06-30": "", "2018-03-31": ""}, "Total Long-Term Assets": {"2020-09-30": "", "2020-06-30": "", "2020-03-31": "", "2019-12-31": "", "2019-09-30": "", "2019-06-30": "", "2019-03-31": "", "2018-12-31": "", "2018-09-30": "", "2018-06-30": "", "2018-03-31": ""}, "Total Assets": {"2020-09-30": "0.00000", "2020-06-30": "0.00000", "2020-03-31": "0.00000", "2019-12-31": "0.00000", "2019-09-30": "0.00000", "2019-06-30": "0.00000", "2019-03-31": "0.00000", "2018-12-31": "0.00000", "2018-09-30": "0.00000", "2018-06-30": "0.00000", "2018-03-31": "0.00000"}, "Total Current Liabilities": {"2020-09-30": "", "2020-06-30": "", "2020-03-31": "", "2019-12-31": "", "2019-09-30": "", "2019-06-30": "", "2019-03-31": "", "2018-12-31": "", "2018-09-30": "", "2018-06-30": "", "2018-03-31": ""}, "Long Term Debt": {"2020-09-30": "", "2020-06-30": "", "2020-03-31": "", "2019-12-31": "", "2019-09-30": "", "2019-06-30": "", "2019-03-31": "", "2018-12-31": "", "2018-09-30": "", "2018-06-30": "", "2018-03-31": ""}, "Other Non-Current Liabilities": {"2020-09-30": "", "2020-06-30": "", "2020-03-31": "", "2019-12-31": "", "2019-09-30": "", "2019-06-30": "", "2019-03-31": "", "2018-12-31": "", "2018-09-30": "", "2018-06-30": "", "2018-03-31": ""}, "Total Long Term Liabilities": {"2020-09-30": "", "2020-06-30": "", "2020-03-31": "", "2019-12-31": "", "2019-09-30": "", "2019-06-30": "", "2019-03-31": "", "2018-12-31": "", "2018-09-30": "", "2018-06-30": "", "2018-03-31": ""}, "Total Liabilities": {"2020-09-30": "", "2020-06-30": "", "2020-03-31": "", "2019-12-31": "", "2019-09-30": "", "2019-06-30": "", "2019-03-31": "", "2018-12-31": "", "2018-09-30": "", "2018-06-30": "", "2018-03-31": ""}, "Common Stock Net": {"2020-09-30": "", "2020-06-30": "", "2020-03-31": "", "2019-12-31": "", "2019-09-30": "", "2019-06-30": "", "2019-03-31": "", "2018-12-31": "", "2018-09-30": "", "2018-06-30": "", "2018-03-31": ""}, "Retained Earnings (Accumulated Deficit)": {"2020-09-30": "", "2020-06-30": "", "2020-03-31": "", "2019-12-31": "", "2019-09-30": "", "2019-06-30": "", "2019-03-31": "", "2018-12-31": "", "2018-09-30": "", "2018-06-30": "", "2018-03-31": ""}, "Comprehensive Income": {"2020-09-30": "", "2020-06-30": "", "2020-03-31": "", "2019-12-31": "", "2019-09-30": "", "2019-06-30": "", "2019-03-31": "", "2018-12-31": "", "2018-09-30": "", "2018-06-30": "", "2018-03-31": ""}, "Other Share Holders Equity": {"2020-09-30": "", "2020-06-30": "", "2020-03-31": "", "2019-12-31": "", "2019-09-30": "", "2019-06-30": "", "2019-03-31": "", "2018-12-31": "", "2018-09-30": "", "2018-06-30": "", "2018-03-31": ""}, "Share Holder Equity": {"2020-09-30": "", "2020-06-30": "", "2020-03-31": "", "2019-12-31": "", "2019-09-30": "", "2019-06-30": "", "2019-03-31": "", "2018-12-31": "", "2018-09-30": "", "2018-06-30": "", "2018-03-31": ""}, "Total Liabilities And Share Holders Equity": {"2020-09-30": "", "2020-06-30": "", "2020-03-31": "", "2019-12-31": "", "2019-09-30": "", "2019-06-30": "", "2019-03-31": "", "2018-12-31": "", "2018-09-30": "", "2018-06-30": "", "2018-03-31": ""}}, "cash flow statement": {"Net Income/Loss": {"2019-12-31": "0.00000", "2018-12-31": "0.00000"}, "Total Depreciation And Amortization - Cash Flow": {"2019-12-31": "", "2018-12-31": ""}, "Other Non-Cash Items": {"2019-12-31": "", "2018-12-31": ""}, "Total Non-Cash Items": {"2019-12-31": "", "2018-12-31": ""}, "Change In Accounts Receivable": {"2019-12-31": "", "2018-12-31": ""}, "Change In Inventories": {"2019-12-31": "", "2018-12-31": ""}, "Change In Accounts Payable": {"2019-12-31": "", "2018-12-31": ""}, "Change In Assets/Liabilities": {"2019-12-31": "", "2018-12-31": ""}, "Total Change In Assets/Liabilities": {"2019-12-31": "", "2018-12-31": ""}, "Cash Flow From Operating Activities": {"2019-12-31": "", "2018-12-31": ""}, "Net Change In Property, Plant, And Equipment": {"2019-12-31": "", "2018-12-31": ""}, "Net Change In Intangible Assets": {"2019-12-31": "", "2018-12-31": ""}, "Net Acquisitions/Divestitures": {"2019-12-31": "", "2018-12-31": ""}, "Net Change In Short-term Investments": {"2019-12-31": "", "2018-12-31": ""}, "Net Change In Long-Term Investments": {"2019-12-31": "", "2018-12-31": ""}, "Net Change In Investments - Total": {"2019-12-31": "", "2018-12-31": ""}, "Investing Activities - Other": {"2019-12-31": "", "2018-12-31": ""}, "Cash Flow From Investing Activities": {"2019-12-31": "", "2018-12-31": ""}, "Net Long-Term Debt": {"2019-12-31": "", "2018-12-31": ""}, "Net Current Debt": {"2019-12-31": "", "2018-12-31": ""}, "Debt Issuance/Retirement Net - Total": {"2019-12-31": "", "2018-12-31": ""}, "Net Common Equity Issued/Repurchased": {"2019-12-31": "", "2018-12-31": ""}, "Net Total Equity Issued/Repurchased": {"2019-12-31": "", "2018-12-31": ""}, "Total Common And Preferred Stock Dividends Paid": {"2019-12-31": "", "2018-12-31": ""}, "Financial Activities - Other": {"2019-12-31": "", "2018-12-31": ""}, "Cash Flow From Financial Activities": {"2019-12-31": "", "2018-12-31": ""}, "Net Cash Flow": {"2019-12-31": "", "2018-12-31": ""}, "Stock-Based Compensation": {"2019-12-31": "", "2018-12-31": ""}, "Common Stock Dividends Paid": {"2019-12-31": "", "2018-12-31": ""}}, "cash flow statement, quarterly": {"Net Income/Loss": {"2020-09-30": 0, "2020-06-30": 0, "2020-03-31": "0.00000", "2019-12-31": 0, "2019-09-30": 0, "2019-06-30": 0, "2019-03-31": "0.00000", "2018-12-31": 0, "2018-09-30": 0, "2018-06-30": 0, "2018-03-31": "0.00000"}, "Total Depreciation And Amortization - Cash Flow": {"2020-09-30": 0, "2020-06-30": 0, "2020-03-31": "", "2019-12-31": 0, "2019-09-30": 0, "2019-06-30": 0, "2019-03-31": "", "2018-12-31": 0, "2018-09-30": 0, "2018-06-30": 0, "2018-03-31": ""}, "Other Non-Cash Items": {"2020-09-30": 0, "2020-06-30": 0, "2020-03-31": "", "2019-12-31": 0, "2019-09-30": 0, "2019-06-30": 0, "2019-03-31": "", "2018-12-31": 0, "2018-09-30": 0, "2018-06-30": 0, "2018-03-31": ""}, "Total Non-Cash Items": {"2020-09-30": 0, "2020-06-30": 0, "2020-03-31": "", "2019-12-31": 0, "2019-09-30": 0, "2019-06-30": 0, "2019-03-31": "", "2018-12-31": 0, "2018-09-30": 0, "2018-06-30": 0, "2018-03-31": ""}, "Change In Accounts Receivable": {"2020-09-30": 0, "2020-06-30": 0, "2020-03-31": "", "2019-12-31": 0, "2019-09-30": 0, "2019-06-30": 0, "2019-03-31": "", "2018-12-31": 0, "2018-09-30": 0, "2018-06-30": 0, "2018-03-31": ""}, "Change In Inventories": {"2020-09-30": 0, "2020-06-30": 0, "2020-03-31": "", "2019-12-31": 0, "2019-09-30": 0, "2019-06-30": 0, "2019-03-31": "", "2018-12-31": 0, "2018-09-30": 0, "2018-06-30": 0, "2018-03-31": ""}, "Change In Accounts Payable": {"2020-09-30": 0, "2020-06-30": 0, "2020-03-31": "", "2019-12-31": 0, "2019-09-30": 0, "2019-06-30": 0, "2019-03-31": "", "2018-12-31": 0, "2018-09-30": 0, "2018-06-30": 0, "2018-03-31": ""}, "Change In Assets/Liabilities": {"2020-09-30": 0, "2020-06-30": 0, "2020-03-31": "", "2019-12-31": 0, "2019-09-30": 0, "2019-06-30": 0, "2019-03-31": "", "2018-12-31": 0, "2018-09-30": 0, "2018-06-30": 0, "2018-03-31": ""}, "Total Change In Assets/Liabilities": {"2020-09-30": 0, "2020-06-30": 0, "2020-03-31": "", "2019-12-31": 0, "2019-09-30": 0, "2019-06-30": 0, "2019-03-31": "", "2018-12-31": 0, "2018-09-30": 0, "2018-06-30": 0, "2018-03-31": ""}, "Cash Flow From Operating Activities": {"2020-09-30": 0, "2020-06-30": 0, "2020-03-31": "", "2019-12-31": 0, "2019-09-30": 0, "2019-06-30": 0, "2019-03-31": "", "2018-12-31": 0, "2018-09-30": 0, "2018-06-30": 0, "2018-03-31": ""}, "Net Change In Property, Plant, And Equipment": {"2020-09-30": 0, "2020-06-30": 0, "2020-03-31": "", "2019-12-31": 0, "2019-09-30": 0, "2019-06-30": 0, "2019-03-31": "", "2018-12-31": 0, "2018-09-30": 0, "2018-06-30": 0, "2018-03-31": ""}, "Net Change In Intangible Assets": {"2020-09-30": 0, "2020-06-30": 0, "2020-03-31": "", "2019-12-31": 0, "2019-09-30": 0, "2019-06-30": 0, "2019-03-31": "", "2018-12-31": 0, "2018-09-30": 0, "2018-06-30": 0, "2018-03-31": ""}, "Net Acquisitions/Divestitures": {"2020-09-30": 0, "2020-06-30": 0, "2020-03-31": "", "2019-12-31": 0, "2019-09-30": 0, "2019-06-30": 0, "2019-03-31": "", "2018-12-31": 0, "2018-09-30": 0, "2018-06-30": 0, "2018-03-31": ""}, "Net Change In Short-term Investments": {"2020-09-30": 0, "2020-06-30": 0, "2020-03-31": "", "2019-12-31": 0, "2019-09-30": 0, "2019-06-30": 0, "2019-03-31": "", "2018-12-31": 0, "2018-09-30": 0, "2018-06-30": 0, "2018-03-31": ""}, "Net Change In Long-Term Investments": {"2020-09-30": 0, "2020-06-30": 0, "2020-03-31": "", "2019-12-31": 0, "2019-09-30": 0, "2019-06-30": 0, "2019-03-31": "", "2018-12-31": 0, "2018-09-30": 0, "2018-06-30": 0, "2018-03-31": ""}, "Net Change In Investments - Total": {"2020-09-30": 0, "2020-06-30": 0, "2020-03-31": "", "2019-12-31": 0, "2019-09-30": 0, "2019-06-30": 0, "2019-03-31": "", "2018-12-31": 0, "2018-09-30": 0, "2018-06-30": 0, "2018-03-31": ""}, "Investing Activities - Other": {"2020-09-30": 0, "2020-06-30": 0, "2020-03-31": "", "2019-12-31": 0, "2019-09-30": 0, "2019-06-30": 0, "2019-03-31": "", "2018-12-31": 0, "2018-09-30": 0, "2018-06-30": 0, "2018-03-31": ""}, "Cash Flow From Investing Activities": {"2020-09-30": 0, "2020-06-30": 0, "2020-03-31": "", "2019-12-31": 0, "2019-09-30": 0, "2019-06-30": 0, "2019-03-31": "", "2018-12-31": 0, "2018-09-30": 0, "2018-06-30": 0, "2018-03-31": ""}, "Net Long-Term Debt": {"2020-09-30": 0, "2020-06-30": 0, "2020-03-31": "", "2019-12-31": 0, "2019-09-30": 0, "2019-06-30": 0, "2019-03-31": "", "2018-12-31": 0, "2018-09-30": 0, "2018-06-30": 0, "2018-03-31": ""}, "Net Current Debt": {"2020-09-30": 0, "2020-06-30": 0, "2020-03-31": "", "2019-12-31": 0, "2019-09-30": 0, "2019-06-30": 0, "2019-03-31": "", "2018-12-31": 0, "2018-09-30": 0, "2018-06-30": 0, "2018-03-31": ""}, "Debt Issuance/Retirement Net - Total": {"2020-09-30": 0, "2020-06-30": 0, "2020-03-31": "", "2019-12-31": 0, "2019-09-30": 0, "2019-06-30": 0, "2019-03-31": "", "2018-12-31": 0, "2018-09-30": 0, "2018-06-30": 0, "2018-03-31": ""}, "Net Common Equity Issued/Repurchased": {"2020-09-30": 0, "2020-06-30": 0, "2020-03-31": "", "2019-12-31": 0, "2019-09-30": 0, "2019-06-30": 0, "2019-03-31": "", "2018-12-31": 0, "2018-09-30": 0, "2018-06-30": 0, "2018-03-31": ""}, "Net Total Equity Issued/Repurchased": {"2020-09-30": 0, "2020-06-30": 0, "2020-03-31": "", "2019-12-31": 0, "2019-09-30": 0, "2019-06-30": 0, "2019-03-31": "", "2018-12-31": 0, "2018-09-30": 0, "2018-06-30": 0, "2018-03-31": ""}, "Total Common And Preferred Stock Dividends Paid": {"2020-09-30": 0, "2020-06-30": 0, "2020-03-31": "", "2019-12-31": 0, "2019-09-30": 0, "2019-06-30": 0, "2019-03-31": "", "2018-12-31": 0, "2018-09-30": 0, "2018-06-30": 0, "2018-03-31": ""}, "Financial Activities - Other": {"2020-09-30": 0, "2020-06-30": 0, "2020-03-31": "", "2019-12-31": 0, "2019-09-30": 0, "2019-06-30": 0, "2019-03-31": "", "2018-12-31": 0, "2018-09-30": 0, "2018-06-30": 0, "2018-03-31": ""}, "Cash Flow From Financial Activities": {"2020-09-30": 0, "2020-06-30": 0, "2020-03-31": "", "2019-12-31": 0, "2019-09-30": 0, "2019-06-30": 0, "2019-03-31": "", "2018-12-31": 0, "2018-09-30": 0, "2018-06-30": 0, "2018-03-31": ""}, "Net Cash Flow": {"2020-09-30": 0, "2020-06-30": 0, "2020-03-31": "", "2019-12-31": 0, "2019-09-30": 0, "2019-06-30": 0, "2019-03-31": "", "2018-12-31": 0, "2018-09-30": 0, "2018-06-30": 0, "2018-03-31": ""}, "Stock-Based Compensation": {"2020-09-30": 0, "2020-06-30": 0, "2020-03-31": "", "2019-12-31": 0, "2019-09-30": 0, "2019-06-30": 0, "2019-03-31": "", "2018-12-31": 0, "2018-09-30": 0, "2018-06-30": 0, "2018-03-31": ""}, "Common Stock Dividends Paid": {"2020-09-30": 0, "2020-06-30": 0, "2020-03-31": "", "2019-12-31": 0, "2019-09-30": 0, "2019-06-30": 0, "2019-03-31": "", "2018-12-31": 0, "2018-09-30": 0, "2018-06-30": 0, "2018-03-31": ""}}, "financial ratios": {"Current Ratio": {"2019-12-31": "", "2018-12-31": ""}, "Long-term Debt / Capital": {"2019-12-31": "", "2018-12-31": ""}, "Debt/Equity Ratio": {"2019-12-31": "", "2018-12-31": ""}, "Gross Margin": {"2019-12-31": "", "2018-12-31": ""}, "Operating Margin": {"2019-12-31": "", "2018-12-31": ""}, "EBIT Margin": {"2019-12-31": "", "2018-12-31": ""}, "EBITDA Margin": {"2019-12-31": "", "2018-12-31": ""}, "Pre-Tax Profit Margin": {"2019-12-31": "", "2018-12-31": ""}, "Net Profit Margin": {"2019-12-31": "", "2018-12-31": ""}, "Asset Turnover": {"2019-12-31": "", "2018-12-31": ""}, "Inventory Turnover Ratio": {"2019-12-31": "", "2018-12-31": ""}, "Receiveable Turnover": {"2019-12-31": "", "2018-12-31": ""}, "Days Sales In Receivables": {"2019-12-31": "", "2018-12-31": ""}, "ROE - Return On Equity": {"2019-12-31": "", "2018-12-31": ""}, "Return On Tangible Equity": {"2019-12-31": "", "2018-12-31": ""}, "ROA - Return On Assets": {"2019-12-31": "", "2018-12-31": ""}, "ROI - Return On Investment": {"2019-12-31": "", "2018-12-31": ""}, "Book Value Per Share": {"2019-12-31": "", "2018-12-31": ""}, "Operating Cash Flow Per Share": {"2019-12-31": 0, "2018-12-31": 0}, "Free Cash Flow Per Share": {"2019-12-31": 0, "2018-12-31": 0}}, "financial ratios, quarterly": {"Current Ratio": {"2020-09-30": "", "2020-06-30": "", "2020-03-31": "", "2019-12-31": "", "2019-09-30": "", "2019-06-30": "", "2019-03-31": "", "2018-12-31": "", "2018-09-30": "", "2018-06-30": "", "2018-03-31": ""}, "Long-term Debt / Capital": {"2020-09-30": "", "2020-06-30": "", "2020-03-31": "", "2019-12-31": "", "2019-09-30": "", "2019-06-30": "", "2019-03-31": "", "2018-12-31": "", "2018-09-30": "", "2018-06-30": "", "2018-03-31": ""}, "Debt/Equity Ratio": {"2020-09-30": "", "2020-06-30": "", "2020-03-31": "", "2019-12-31": "", "2019-09-30": "", "2019-06-30": "", "2019-03-31": "", "2018-12-31": "", "2018-09-30": "", "2018-06-30": "", "2018-03-31": ""}, "Gross Margin": {"2020-09-30": "", "2020-06-30": "", "2020-03-31": "", "2019-12-31": "", "2019-09-30": "", "2019-06-30": "", "2019-03-31": "", "2018-12-31": "", "2018-09-30": "", "2018-06-30": "", "2018-03-31": ""}, "Operating Margin": {"2020-09-30": "", "2020-06-30": "", "2020-03-31": "", "2019-12-31": "", "2019-09-30": "", "2019-06-30": "", "2019-03-31": "", "2018-12-31": "", "2018-09-30": "", "2018-06-30": "", "2018-03-31": ""}, "EBIT Margin": {"2020-09-30": "", "2020-06-30": "", "2020-03-31": "", "2019-12-31": "", "2019-09-30": "", "2019-06-30": "", "2019-03-31": "", "2018-12-31": "", "2018-09-30": "", "2018-06-30": "", "2018-03-31": ""}, "EBITDA Margin": {"2020-09-30": "", "2020-06-30": "", "2020-03-31": "", "2019-12-31": "", "2019-09-30": "", "2019-06-30": "", "2019-03-31": "", "2018-12-31": "", "2018-09-30": "", "2018-06-30": "", "2018-03-31": ""}, "Pre-Tax Profit Margin": {"2020-09-30": "", "2020-06-30": "", "2020-03-31": "", "2019-12-31": "", "2019-09-30": "", "2019-06-30": "", "2019-03-31": "", "2018-12-31": "", "2018-09-30": "", "2018-06-30": "", "2018-03-31": ""}, "Net Profit Margin": {"2020-09-30": "", "2020-06-30": "", "2020-03-31": "", "2019-12-31": "", "2019-09-30": "", "2019-06-30": "", "2019-03-31": "", "2018-12-31": "", "2018-09-30": "", "2018-06-30": "", "2018-03-31": ""}, "Asset Turnover": {"2020-09-30": "", "2020-06-30": "", "2020-03-31": "", "2019-12-31": "", "2019-09-30": "", "2019-06-30": "", "2019-03-31": "", "2018-12-31": "", "2018-09-30": "", "2018-06-30": "", "2018-03-31": ""}, "Inventory Turnover Ratio": {"2020-09-30": "", "2020-06-30": "", "2020-03-31": "", "2019-12-31": "", "2019-09-30": "", "2019-06-30": "", "2019-03-31": "", "2018-12-31": "", "2018-09-30": "", "2018-06-30": "", "2018-03-31": ""}, "Receiveable Turnover": {"2020-09-30": "", "2020-06-30": "", "2020-03-31": "", "2019-12-31": "", "2019-09-30": "", "2019-06-30": "", "2019-03-31": "", "2018-12-31": "", "2018-09-30": "", "2018-06-30": "", "2018-03-31": ""}, "Days Sales In Receivables": {"2020-09-30": "", "2020-06-30": "", "2020-03-31": "", "2019-12-31": "", "2019-09-30": "", "2019-06-30": "", "2019-03-31": "", "2018-12-31": "", "2018-09-30": "", "2018-06-30": "", "2018-03-31": ""}, "ROE - Return On Equity": {"2020-09-30": "", "2020-06-30": "", "2020-03-31": "", "2019-12-31": "", "2019-09-30": "", "2019-06-30": "", "2019-03-31": "", "2018-12-31": "", "2018-09-30": "", "2018-06-30": "", "2018-03-31": ""}, "Return On Tangible Equity": {"2020-09-30": "", "2020-06-30": "", "2020-03-31": "", "2019-12-31": "", "2019-09-30": "", "2019-06-30": "", "2019-03-31": "", "2018-12-31": "", "2018-09-30": "", "2018-06-30": "", "2018-03-31": ""}, "ROA - Return On Assets": {"2020-09-30": "", "2020-06-30": "", "2020-03-31": "", "2019-12-31": "", "2019-09-30": "", "2019-06-30": "", "2019-03-31": "", "2018-12-31": "", "2018-09-30": "", "2018-06-30": "", "2018-03-31": ""}, "ROI - Return On Investment": {"2020-09-30": "", "2020-06-30": "", "2020-03-31": "", "2019-12-31": "", "2019-09-30": "", "2019-06-30": "", "2019-03-31": "", "2018-12-31": "", "2018-09-30": "", "2018-06-30": "", "2018-03-31": ""}, "Book Value Per Share": {"2020-09-30": "", "2020-06-30": "", "2020-03-31": "", "2019-12-31": "", "2019-09-30": "", "2019-06-30": "", "2019-03-31": "", "2018-12-31": "", "2018-09-30": "", "2018-06-30": "", "2018-03-31": ""}, "Operating Cash Flow Per Share": {"2020-09-30": 0, "2020-06-30": 0, "2020-03-31": "", "2019-12-31": 0, "2019-09-30": 0, "2019-06-30": 0, "2019-03-31": "", "2018-12-31": 0, "2018-09-30": 0, "2018-06-30": 0, "2018-03-31": ""}, "Free Cash Flow Per Share": {"2020-09-30": 0, "2020-06-30": 0, "2020-03-31": "", "2019-12-31": 0, "2019-09-30": 0, "2019-06-30": 0, "2019-03-31": "", "2018-12-31": 0, "2018-09-30": 0, "2018-06-30": 0, "2018-03-31": ""}}, "revenue": {"Equitable Holdings Annual Revenue (Millions of US $)": {"2019": "$", "2018": "$"}, "Equitable Holdings Quarterly Revenue (Millions of US $)": {"2020-09-30": "", "2020-06-30": "", "2020-03-31": "", "2019-12-31": "", "2019-09-30": "", "2019-06-30": "", "2019-03-31": "", "2018-12-31": "", "2018-09-30": "", "2018-06-30": "", "2018-03-31": ""}}, "gross-profit": {"Equitable Holdings Annual Gross Profit (Millions of US $)": {"2019": "$", "2018": "$"}, "Equitable Holdings Quarterly Gross Profit (Millions of US $)": {"2020-09-30": "", "2020-06-30": "", "2020-03-31": "", "2019-12-31": "", "2019-09-30": "", "2019-06-30": "", "2019-03-31": "", "2018-12-31": "", "2018-09-30": "", "2018-06-30": "", "2018-03-31": ""}}, "operating-income": {"Equitable Holdings Annual Operating Income (Millions of US $)": {"2019": "$", "2018": "$"}, "Equitable Holdings Quarterly Operating Income (Millions of US $)": {"2020-09-30": "", "2020-06-30": "", "2020-03-31": "", "2019-12-31": "", "2019-09-30": "", "2019-06-30": "", "2019-03-31": "", "2018-12-31": "", "2018-09-30": "", "2018-06-30": "", "2018-03-31": ""}}, "ebitda": {"Equitable Holdings Annual EBITDA (Millions of US $)": {"2019": "$", "2018": "$"}, "Equitable Holdings Quarterly EBITDA (Millions of US $)": {"2020-09-30": "", "2020-06-30": "", "2020-03-31": "", "2019-12-31": "", "2019-09-30": "", "2019-06-30": "", "2019-03-31": "", "2018-12-31": "", "2018-09-30": "", "2018-06-30": "", "2018-03-31": ""}}, "net-income": {"Equitable Holdings Annual Net Income (Millions of US $)": {"2019": "$2,397", "2018": "$2,166"}, "Equitable Holdings Quarterly Net Income (Millions of US $)": {"2020-09-30": "", "2020-06-30": "", "2020-03-31": "", "2019-12-31": "", "2019-09-30": "", "2019-06-30": "", "2019-03-31": "", "2018-12-31": "", "2018-09-30": "", "2018-06-30": "", "2018-03-31": ""}}, "eps-earnings-per-share-diluted": {"Equitable Holdings Annual EPS": {"2019": "$-3.51", "2018": "$3.27"}, "Equitable Holdings Quarterly EPS": {"2020-09-30": "$-1.77", "2020-06-30": "$-8.96", "2020-03-31": "$11.65", "2019-12-31": "$-1.97", "2019-09-30": "$-0.78", "2019-06-30": "$0.74", "2019-03-31": "$-1.50", "2018-12-31": "$3.57", "2018-09-30": "$-0.89", "2018-06-30": "$0.28", "2018-03-31": "$0.30"}}, "shares-outstanding": {"Equitable Holdings Annual Shares Outstanding (Millions of Shares)": {"2019": "-683", "2018": "662"}, "Equitable Holdings Quarterly Shares Outstanding (Millions of Shares)": {"2020-09-30": "", "2020-06-30": "", "2020-03-31": "", "2019-12-31": "", "2019-09-30": "", "2019-06-30": "", "2019-03-31": "", "2018-12-31": "", "2018-09-30": "", "2018-06-30": "", "2018-03-31": ""}}, "total-assets": {"Equitable Holdings Annual Total Assets (Millions of US $)": {"2019": "$0", "2018": "$0"}, "Equitable Holdings Quarterly Total Assets (Millions of US $)": {"2020-09-30": "$0", "2020-06-30": "$0", "2020-03-31": "$0", "2019-12-31": "$0", "2019-09-30": "$0", "2019-06-30": "$0", "2019-03-31": "$0", "2018-12-31": "$0", "2018-09-30": "$0", "2018-06-30": "$0", "2018-03-31": "$0"}}, "cash-on-hand": {"Equitable Holdings Annual Cash on Hand (Millions of US $)": {"2019": "$", "2018": "$"}, "Equitable Holdings Quarterly Cash on Hand (Millions of US $)": {"2020-09-30": "", "2020-06-30": "", "2020-03-31": "", "2019-12-31": "", "2019-09-30": "", "2019-06-30": "", "2019-03-31": "", "2018-12-31": "", "2018-09-30": "", "2018-06-30": "", "2018-03-31": ""}}, "long-term-debt": {"Equitable Holdings Annual Long Term Debt (Millions of US $)": {"2019": "$", "2018": "$"}, "Equitable Holdings Quarterly Long Term Debt (Millions of US $)": {"2020-09-30": "", "2020-06-30": "", "2020-03-31": "", "2019-12-31": "", "2019-09-30": "", "2019-06-30": "", "2019-03-31": "", "2018-12-31": "", "2018-09-30": "", "2018-06-30": "", "2018-03-31": ""}}, "total-liabilities": {"Equitable Holdings Annual Total Liabilities (Millions of US $)": {"2019": "$", "2018": "$"}, "Equitable Holdings Quarterly Total Liabilities (Millions of US $)": {"2020-09-30": "", "2020-06-30": "", "2020-03-31": "", "2019-12-31": "", "2019-09-30": "", "2019-06-30": "", "2019-03-31": "", "2018-12-31": "", "2018-09-30": "", "2018-06-30": "", "2018-03-31": ""}}, "total-share-holder-equity": {"Equitable Holdings Annual Share Holder Equity (Millions of US $)": {"2019": "$", "2018": "$"}, "Equitable Holdings Quarterly Share Holder Equity (Millions of US $)": {"2020-09-30": "", "2020-06-30": "", "2020-03-31": "", "2019-12-31": "", "2019-09-30": "", "2019-06-30": "", "2019-03-31": "", "2018-12-31": "", "2018-09-30": "", "2018-06-30": "", "2018-03-31": ""}}, "profit-margins": {"current": "0%"}, "gross margin": {}, "operating margin": {}, "ebitda margin": {}, "pre tax profit margin": {}, "net profit margin": {}, "pe ratio": {"current": "5.70", "2021-02-05": "0.00", "2020-09-30": "0.00", "2020-06-30": "0.00", "2020-03-31": "1.46", "2019-12-31": "0.00", "2019-09-30": "10.51", "2019-06-30": "10.40", "2019-03-31": "13.09"}, "price sales": {"2021-02-05": "inf", "2020-09-30": "0.00", "2020-06-30": "0.00", "2020-03-31": "0.00", "2019-12-31": "0.00", "2019-09-30": "0.00", "2019-06-30": "0.00", "2019-03-31": "0.00"}, "price book": {"current": "0.00", "2021-02-05": "inf", "2020-09-30": "0.00", "2020-06-30": "0.00", "2020-03-31": "0.00", "2019-12-31": "0.00", "2019-09-30": "0.00", "2019-06-30": "0.00", "2019-03-31": "0.00", "2018-12-31": "0.00", "2018-09-30": "0.00", "2018-06-30": "0.00"}, "price fcf": {"2021-02-05": "", "2020-09-30": "0", "2020-06-30": "0", "2020-03-31": "0", "2019-12-31": "0", "2019-09-30": "0", "2019-06-30": "0", "2019-03-31": "0"}, "net worth": {"value": "$11.9B"}, "current ratio": {"2020-09-30": "0.00", "2020-06-30": "0.00", "2020-03-31": "0.00", "2019-12-31": "0.00", "2019-09-30": "0.00", "2019-06-30": "0.00", "2019-03-31": "0.00", "2018-12-31": "0.00", "2018-09-30": "0.00", "2018-06-30": "0.00", "2018-03-31": "0.00"}, "quick ratio": {"2020-09-30": "0.00", "2020-06-30": "0.00", "2020-03-31": "0.00", "2019-12-31": "0.00", "2019-09-30": "0.00", "2019-06-30": "0.00", "2019-03-31": "0.00", "2018-12-31": "0.00", "2018-09-30": "0.00", "2018-06-30": "0.00", "2018-03-31": "0.00"}, "debt equity ratio": {"current": "0.00", "2020-09-30": "0.00", "2020-06-30": "0.00", "2020-03-31": "0.00", "2019-12-31": "0.00", "2019-09-30": "0.00", "2019-06-30": "0.00", "2019-03-31": "0.00", "2018-12-31": "0.00", "2018-09-30": "0.00", "2018-06-30": "0.00", "2018-03-31": "0.00"}, "return on equity": {}, "return on assets": {}, "return on investments": {}, "return on tangible equity": {}, "dividend yield history": {"last payout": "$0.68", "last yield": "2.54%"}}