{"ticker": "LSXMK", "price": {"title": "Liberty Media Historical Annual Stock Price Data", "value": 42.77, "historical": {"2020": {"Average Stock Price": "37.9193", "Year Open": "48.1200", "Year High": "51.1400", "Year Low": "24.7400", "Year Close": "43.5100", "Annual % Change": "-9.62%"}, "2019": {"Average Stock Price": "41.1927", "Year Open": "37.5200", "Year High": "48.5300", "Year Low": "35.8000", "Year Close": "48.1400", "Annual % Change": "30.18%"}, "2018": {"Average Stock Price": "43.0552", "Year Open": "38.7400", "Year High": "48.4900", "Year Low": "35.3800", "Year Close": "36.9800", "Annual % Change": "-6.76%"}, "2017": {"Average Stock Price": "40.2077", "Year Open": "34.1000", "Year High": "46.0000", "Year Low": "34.1000", "Year Close": "39.6600", "Annual % Change": "16.92%"}, "2016": {"Average Stock Price": "32.9357", "Year Open": "30.0300", "Year High": "36.1900", "Year Low": "29.2900", "Year Close": "33.9200", "Annual % Change": "0.00%"}}}, "market cap": {"value": "$9.83B"}, "income statement": {"Revenue": {"2019-12-31": "", "2018-12-31": "", "2017-12-31": "", "2016-12-31": ""}, "Cost Of Goods Sold": {"2019-12-31": "", "2018-12-31": "", "2017-12-31": "", "2016-12-31": ""}, "Gross Profit": {"2019-12-31": "", "2018-12-31": "", "2017-12-31": "", "2016-12-31": ""}, "Research And Development Expenses": {"2019-12-31": "", "2018-12-31": "", "2017-12-31": "", "2016-12-31": ""}, "SG&A Expenses": {"2019-12-31": "", "2018-12-31": "", "2017-12-31": "", "2016-12-31": ""}, "Other Operating Income Or Expenses": {"2019-12-31": "", "2018-12-31": "", "2017-12-31": "", "2016-12-31": ""}, "Operating Expenses": {"2019-12-31": "", "2018-12-31": "", "2017-12-31": "", "2016-12-31": ""}, "Operating Income": {"2019-12-31": "", "2018-12-31": "", "2017-12-31": "", "2016-12-31": ""}, "Total Non-Operating Income/Expense": {"2019-12-31": "", "2018-12-31": "", "2017-12-31": "", "2016-12-31": ""}, "Pre-Tax Income": {"2019-12-31": "", "2018-12-31": "", "2017-12-31": "", "2016-12-31": ""}, "Income Taxes": {"2019-12-31": "", "2018-12-31": "", "2017-12-31": "", "2016-12-31": ""}, "Income After Taxes": {"2019-12-31": "", "2018-12-31": "", "2017-12-31": "", "2016-12-31": ""}, "Other Income": {"2019-12-31": "", "2018-12-31": "", "2017-12-31": "", "2016-12-31": ""}, "Income From Continuous Operations": {"2019-12-31": "494.00000", "2018-12-31": "676.00000", "2017-12-31": "1124.00000", "2016-12-31": "297.00000"}, "Income From Discontinued Operations": {"2019-12-31": "", "2018-12-31": "", "2017-12-31": "", "2016-12-31": ""}, "Net Income": {"2019-12-31": "494.00000", "2018-12-31": "676.00000", "2017-12-31": "1124.00000", "2016-12-31": "297.00000"}, "EBITDA": {"2019-12-31": "", "2018-12-31": "", "2017-12-31": "", "2016-12-31": ""}, "EBIT": {"2019-12-31": "", "2018-12-31": "", "2017-12-31": "", "2016-12-31": ""}, "Basic Shares Outstanding": {"2019-12-31": "318.70970", "2018-12-31": "331.37260", "2017-12-31": "335.52240", "2016-12-31": "333.70790"}, "Shares Outstanding": {"2019-12-31": "322.87580", "2018-12-31": "336.31840", "2017-12-31": "339.57710", "2016-12-31": "337.50000"}, "Basic EPS": {"2019-12-31": "1.55000", "2018-12-31": "2.04000", "2017-12-31": "3.35000", "2016-12-31": "0.89000"}, "EPS - Earnings Per Share": {"2019-12-31": "1.53000", "2018-12-31": "2.01000", "2017-12-31": "3.31000", "2016-12-31": "0.88000"}}, "income statement, quarterly": {"Revenue": {"2020-09-30": "", "2020-06-30": "", "2020-03-31": "", "2019-12-31": "", "2019-09-30": "", "2019-06-30": "", "2019-03-31": "", "2018-12-31": "", "2018-09-30": "", "2018-06-30": "", "2018-03-31": "", "2017-12-31": "", "2017-09-30": "", "2017-06-30": "", "2017-03-31": "", "2016-12-31": "", "2016-09-30": "", "2016-06-30": ""}, "Cost Of Goods Sold": {"2020-09-30": "", "2020-06-30": "", "2020-03-31": "", "2019-12-31": "", "2019-09-30": "", "2019-06-30": "", "2019-03-31": "", "2018-12-31": "", "2018-09-30": "", "2018-06-30": "", "2018-03-31": "", "2017-12-31": "", "2017-09-30": "", "2017-06-30": "", "2017-03-31": "", "2016-12-31": "", "2016-09-30": "", "2016-06-30": ""}, "Gross Profit": {"2020-09-30": "", "2020-06-30": "", "2020-03-31": "", "2019-12-31": "", "2019-09-30": "", "2019-06-30": "", "2019-03-31": "", "2018-12-31": "", "2018-09-30": "", "2018-06-30": "", "2018-03-31": "", "2017-12-31": "", "2017-09-30": "", "2017-06-30": "", "2017-03-31": "", "2016-12-31": "", "2016-09-30": "", "2016-06-30": ""}, "Research And Development Expenses": {"2020-09-30": "", "2020-06-30": "", "2020-03-31": "", "2019-12-31": "", "2019-09-30": "", "2019-06-30": "", "2019-03-31": "", "2018-12-31": "", "2018-09-30": "", "2018-06-30": "", "2018-03-31": "", "2017-12-31": "", "2017-09-30": "", "2017-06-30": "", "2017-03-31": "", "2016-12-31": "", "2016-09-30": "", "2016-06-30": ""}, "SG&A Expenses": {"2020-09-30": "", "2020-06-30": "", "2020-03-31": "", "2019-12-31": "", "2019-09-30": "", "2019-06-30": "", "2019-03-31": "", "2018-12-31": "", "2018-09-30": "", "2018-06-30": "", "2018-03-31": "", "2017-12-31": "", "2017-09-30": "", "2017-06-30": "", "2017-03-31": "", "2016-12-31": "", "2016-09-30": "", "2016-06-30": ""}, "Other Operating Income Or Expenses": {"2020-09-30": "", "2020-06-30": "", "2020-03-31": "", "2019-12-31": "", "2019-09-30": "", "2019-06-30": "", "2019-03-31": "", "2018-12-31": "", "2018-09-30": "", "2018-06-30": "", "2018-03-31": "", "2017-12-31": "", "2017-09-30": "", "2017-06-30": "", "2017-03-31": "", "2016-12-31": "", "2016-09-30": "", "2016-06-30": ""}, "Operating Expenses": {"2020-09-30": "", "2020-06-30": "", "2020-03-31": "", "2019-12-31": "", "2019-09-30": "", "2019-06-30": "", "2019-03-31": "", "2018-12-31": "", "2018-09-30": "", "2018-06-30": "", "2018-03-31": "", "2017-12-31": "", "2017-09-30": "", "2017-06-30": "", "2017-03-31": "", "2016-12-31": "", "2016-09-30": "", "2016-06-30": ""}, "Operating Income": {"2020-09-30": "", "2020-06-30": "", "2020-03-31": "", "2019-12-31": "", "2019-09-30": "", "2019-06-30": "", "2019-03-31": "", "2018-12-31": "", "2018-09-30": "", "2018-06-30": "", "2018-03-31": "", "2017-12-31": "", "2017-09-30": "", "2017-06-30": "", "2017-03-31": "", "2016-12-31": "", "2016-09-30": "", "2016-06-30": ""}, "Total Non-Operating Income/Expense": {"2020-09-30": "", "2020-06-30": "", "2020-03-31": "", "2019-12-31": "", "2019-09-30": "", "2019-06-30": "", "2019-03-31": "", "2018-12-31": "", "2018-09-30": "", "2018-06-30": "", "2018-03-31": "", "2017-12-31": "", "2017-09-30": "", "2017-06-30": "", "2017-03-31": "", "2016-12-31": "", "2016-09-30": "", "2016-06-30": ""}, "Pre-Tax Income": {"2020-09-30": "", "2020-06-30": "", "2020-03-31": "", "2019-12-31": "", "2019-09-30": "", "2019-06-30": "", "2019-03-31": "", "2018-12-31": "", "2018-09-30": "", "2018-06-30": "", "2018-03-31": "", "2017-12-31": "", "2017-09-30": "", "2017-06-30": "", "2017-03-31": "", "2016-12-31": "", "2016-09-30": "", "2016-06-30": ""}, "Income Taxes": {"2020-09-30": "", "2020-06-30": "", "2020-03-31": "", "2019-12-31": "", "2019-09-30": "", "2019-06-30": "", "2019-03-31": "", "2018-12-31": "", "2018-09-30": "", "2018-06-30": "", "2018-03-31": "", "2017-12-31": "", "2017-09-30": "", "2017-06-30": "", "2017-03-31": "", "2016-12-31": "", "2016-09-30": "", "2016-06-30": ""}, "Income After Taxes": {"2020-09-30": "", "2020-06-30": "", "2020-03-31": "", "2019-12-31": "", "2019-09-30": "", "2019-06-30": "", "2019-03-31": "", "2018-12-31": "", "2018-09-30": "", "2018-06-30": "", "2018-03-31": "", "2017-12-31": "", "2017-09-30": "", "2017-06-30": "", "2017-03-31": "", "2016-12-31": "", "2016-09-30": "", "2016-06-30": ""}, "Other Income": {"2020-09-30": "", "2020-06-30": "", "2020-03-31": "", "2019-12-31": "", "2019-09-30": "", "2019-06-30": "", "2019-03-31": "", "2018-12-31": "", "2018-09-30": "", "2018-06-30": "", "2018-03-31": "", "2017-12-31": "", "2017-09-30": "", "2017-06-30": "", "2017-03-31": "", "2016-12-31": "", "2016-09-30": "", "2016-06-30": ""}, "Income From Continuous Operations": {"2020-09-30": "", "2020-06-30": "", "2020-03-31": "", "2019-12-31": "", "2019-09-30": "", "2019-06-30": "", "2019-03-31": "", "2018-12-31": "", "2018-09-30": "", "2018-06-30": "", "2018-03-31": "", "2017-12-31": "", "2017-09-30": "", "2017-06-30": "", "2017-03-31": "", "2016-12-31": "", "2016-09-30": "", "2016-06-30": ""}, "Income From Discontinued Operations": {"2020-09-30": "", "2020-06-30": "", "2020-03-31": "", "2019-12-31": "", "2019-09-30": "", "2019-06-30": "", "2019-03-31": "", "2018-12-31": "", "2018-09-30": "", "2018-06-30": "", "2018-03-31": "", "2017-12-31": "", "2017-09-30": "", "2017-06-30": "", "2017-03-31": "", "2016-12-31": "", "2016-09-30": "", "2016-06-30": ""}, "Net Income": {"2020-09-30": "", "2020-06-30": "", "2020-03-31": "", "2019-12-31": "", "2019-09-30": "", "2019-06-30": "", "2019-03-31": "", "2018-12-31": "", "2018-09-30": "", "2018-06-30": "", "2018-03-31": "", "2017-12-31": "", "2017-09-30": "", "2017-06-30": "", "2017-03-31": "", "2016-12-31": "", "2016-09-30": "", "2016-06-30": ""}, "EBITDA": {"2020-09-30": "", "2020-06-30": "", "2020-03-31": "", "2019-12-31": "", "2019-09-30": "", "2019-06-30": "", "2019-03-31": "", "2018-12-31": "", "2018-09-30": "", "2018-06-30": "", "2018-03-31": "", "2017-12-31": "", "2017-09-30": "", "2017-06-30": "", "2017-03-31": "", "2016-12-31": "", "2016-09-30": "", "2016-06-30": ""}, "EBIT": {"2020-09-30": "", "2020-06-30": "", "2020-03-31": "", "2019-12-31": "", "2019-09-30": "", "2019-06-30": "", "2019-03-31": "", "2018-12-31": "", "2018-09-30": "", "2018-06-30": "", "2018-03-31": "", "2017-12-31": "", "2017-09-30": "", "2017-06-30": "", "2017-03-31": "", "2016-12-31": "", "2016-09-30": "", "2016-06-30": ""}, "Basic Shares Outstanding": {"2020-09-30": "", "2020-06-30": "", "2020-03-31": "", "2019-12-31": "", "2019-09-30": "", "2019-06-30": "", "2019-03-31": "", "2018-12-31": "", "2018-09-30": "", "2018-06-30": "", "2018-03-31": "", "2017-12-31": "", "2017-09-30": "", "2017-06-30": "", "2017-03-31": "", "2016-12-31": "", "2016-09-30": "", "2016-06-30": ""}, "Shares Outstanding": {"2020-09-30": "", "2020-06-30": "", "2020-03-31": "", "2019-12-31": "", "2019-09-30": "", "2019-06-30": "", "2019-03-31": "", "2018-12-31": "", "2018-09-30": "", "2018-06-30": "", "2018-03-31": "", "2017-12-31": "", "2017-09-30": "", "2017-06-30": "", "2017-03-31": "", "2016-12-31": "", "2016-09-30": "", "2016-06-30": ""}, "Basic EPS": {"2020-09-30": "0.03000", "2020-06-30": "-0.27000", "2020-03-31": "0.68000", "2019-12-31": "0.40000", "2019-09-30": "0.44000", "2019-06-30": "0.52000", "2019-03-31": "0.19000", "2018-12-31": "0.39000", "2018-09-30": "0.56000", "2018-06-30": "0.50000", "2018-03-31": "0.60000", "2017-12-31": "2.07000", "2017-09-30": "0.54000", "2017-06-30": "0.37000", "2017-03-31": "0.37000", "2016-12-31": "0.36000", "2016-09-30": "0.29000", "2016-06-30": "0.24000"}, "EPS - Earnings Per Share": {"2020-09-30": "0.03000", "2020-06-30": "-0.27000", "2020-03-31": "0.57000", "2019-12-31": "0.39000", "2019-09-30": "0.44000", "2019-06-30": "0.52000", "2019-03-31": "0.19000", "2018-12-31": "0.38000", "2018-09-30": "0.55000", "2018-06-30": "0.49000", "2018-03-31": "0.59000", "2017-12-31": "2.04000", "2017-09-30": "0.54000", "2017-06-30": "0.36000", "2017-03-31": "0.37000", "2016-12-31": "0.35000", "2016-09-30": "0.28000", "2016-06-30": "0.24000"}}, "balance sheet": {"Cash On Hand": {"2019-12-31": "", "2018-12-31": "", "2017-12-31": "", "2016-12-31": ""}, "Receivables": {"2019-12-31": "", "2018-12-31": "", "2017-12-31": "", "2016-12-31": ""}, "Inventory": {"2019-12-31": "", "2018-12-31": "", "2017-12-31": "", "2016-12-31": ""}, "Pre-Paid Expenses": {"2019-12-31": "", "2018-12-31": "", "2017-12-31": "", "2016-12-31": ""}, "Other Current Assets": {"2019-12-31": "", "2018-12-31": "", "2017-12-31": "", "2016-12-31": ""}, "Total Current Assets": {"2019-12-31": "", "2018-12-31": "", "2017-12-31": "", "2016-12-31": ""}, "Property, Plant, And Equipment": {"2019-12-31": "", "2018-12-31": "", "2017-12-31": "", "2016-12-31": ""}, "Long-Term Investments": {"2019-12-31": "", "2018-12-31": "", "2017-12-31": "", "2016-12-31": ""}, "Goodwill And Intangible Assets": {"2019-12-31": "", "2018-12-31": "", "2017-12-31": "", "2016-12-31": ""}, "Other Long-Term Assets": {"2019-12-31": "", "2018-12-31": "", "2017-12-31": "", "2016-12-31": ""}, "Total Long-Term Assets": {"2019-12-31": "", "2018-12-31": "", "2017-12-31": "", "2016-12-31": ""}, "Total Assets": {"2019-12-31": "0.00000", "2018-12-31": "0.00000", "2017-12-31": "0.00000", "2016-12-31": "0.00000"}, "Total Current Liabilities": {"2019-12-31": "", "2018-12-31": "", "2017-12-31": "", "2016-12-31": ""}, "Long Term Debt": {"2019-12-31": "", "2018-12-31": "", "2017-12-31": "", "2016-12-31": ""}, "Other Non-Current Liabilities": {"2019-12-31": "", "2018-12-31": "", "2017-12-31": "", "2016-12-31": ""}, "Total Long Term Liabilities": {"2019-12-31": "", "2018-12-31": "", "2017-12-31": "", "2016-12-31": ""}, "Total Liabilities": {"2019-12-31": "", "2018-12-31": "", "2017-12-31": "", "2016-12-31": ""}, "Common Stock Net": {"2019-12-31": "", "2018-12-31": "", "2017-12-31": "", "2016-12-31": ""}, "Retained Earnings (Accumulated Deficit)": {"2019-12-31": "", "2018-12-31": "", "2017-12-31": "", "2016-12-31": ""}, "Comprehensive Income": {"2019-12-31": "", "2018-12-31": "", "2017-12-31": "", "2016-12-31": ""}, "Other Share Holders Equity": {"2019-12-31": "", "2018-12-31": "", "2017-12-31": "", "2016-12-31": ""}, "Share Holder Equity": {"2019-12-31": "", "2018-12-31": "", "2017-12-31": "", "2016-12-31": ""}, "Total Liabilities And Share Holders Equity": {"2019-12-31": "", "2018-12-31": "", "2017-12-31": "", "2016-12-31": ""}}, "balance sheet, quarterly": {"Cash On Hand": {"2020-09-30": "", "2020-06-30": "", "2020-03-31": "", "2019-12-31": "", "2019-09-30": "", "2019-06-30": "", "2019-03-31": "", "2018-12-31": "", "2018-09-30": "", "2018-06-30": "", "2018-03-31": "", "2017-12-31": "", "2017-09-30": "", "2017-06-30": "", "2017-03-31": "", "2016-12-31": "", "2016-09-30": "", "2016-06-30": ""}, "Receivables": {"2020-09-30": "", "2020-06-30": "", "2020-03-31": "", "2019-12-31": "", "2019-09-30": "", "2019-06-30": "", "2019-03-31": "", "2018-12-31": "", "2018-09-30": "", "2018-06-30": "", "2018-03-31": "", "2017-12-31": "", "2017-09-30": "", "2017-06-30": "", "2017-03-31": "", "2016-12-31": "", "2016-09-30": "", "2016-06-30": ""}, "Inventory": {"2020-09-30": "", "2020-06-30": "", "2020-03-31": "", "2019-12-31": "", "2019-09-30": "", "2019-06-30": "", "2019-03-31": "", "2018-12-31": "", "2018-09-30": "", "2018-06-30": "", "2018-03-31": "", "2017-12-31": "", "2017-09-30": "", "2017-06-30": "", "2017-03-31": "", "2016-12-31": "", "2016-09-30": "", "2016-06-30": ""}, "Pre-Paid Expenses": {"2020-09-30": "", "2020-06-30": "", "2020-03-31": "", "2019-12-31": "", "2019-09-30": "", "2019-06-30": "", "2019-03-31": "", "2018-12-31": "", "2018-09-30": "", "2018-06-30": "", "2018-03-31": "", "2017-12-31": "", "2017-09-30": "", "2017-06-30": "", "2017-03-31": "", "2016-12-31": "", "2016-09-30": "", "2016-06-30": ""}, "Other Current Assets": {"2020-09-30": "", "2020-06-30": "", "2020-03-31": "", "2019-12-31": "", "2019-09-30": "", "2019-06-30": "", "2019-03-31": "", "2018-12-31": "", "2018-09-30": "", "2018-06-30": "", "2018-03-31": "", "2017-12-31": "", "2017-09-30": "", "2017-06-30": "", "2017-03-31": "", "2016-12-31": "", "2016-09-30": "", "2016-06-30": ""}, "Total Current Assets": {"2020-09-30": "", "2020-06-30": "", "2020-03-31": "", "2019-12-31": "", "2019-09-30": "", "2019-06-30": "", "2019-03-31": "", "2018-12-31": "", "2018-09-30": "", "2018-06-30": "", "2018-03-31": "", "2017-12-31": "", "2017-09-30": "", "2017-06-30": "", "2017-03-31": "", "2016-12-31": "", "2016-09-30": "", "2016-06-30": ""}, "Property, Plant, And Equipment": {"2020-09-30": "", "2020-06-30": "", "2020-03-31": "", "2019-12-31": "", "2019-09-30": "", "2019-06-30": "", "2019-03-31": "", "2018-12-31": "", "2018-09-30": "", "2018-06-30": "", "2018-03-31": "", "2017-12-31": "", "2017-09-30": "", "2017-06-30": "", "2017-03-31": "", "2016-12-31": "", "2016-09-30": "", "2016-06-30": ""}, "Long-Term Investments": {"2020-09-30": "", "2020-06-30": "", "2020-03-31": "", "2019-12-31": "", "2019-09-30": "", "2019-06-30": "", "2019-03-31": "", "2018-12-31": "", "2018-09-30": "", "2018-06-30": "", "2018-03-31": "", "2017-12-31": "", "2017-09-30": "", "2017-06-30": "", "2017-03-31": "", "2016-12-31": "", "2016-09-30": "", "2016-06-30": ""}, "Goodwill And Intangible Assets": {"2020-09-30": "", "2020-06-30": "", "2020-03-31": "", "2019-12-31": "", "2019-09-30": "", "2019-06-30": "", "2019-03-31": "", "2018-12-31": "", "2018-09-30": "", "2018-06-30": "", "2018-03-31": "", "2017-12-31": "", "2017-09-30": "", "2017-06-30": "", "2017-03-31": "", "2016-12-31": "", "2016-09-30": "", "2016-06-30": ""}, "Other Long-Term Assets": {"2020-09-30": "", "2020-06-30": "", "2020-03-31": "", "2019-12-31": "", "2019-09-30": "", "2019-06-30": "", "2019-03-31": "", "2018-12-31": "", "2018-09-30": "", "2018-06-30": "", "2018-03-31": "", "2017-12-31": "", "2017-09-30": "", "2017-06-30": "", "2017-03-31": "", "2016-12-31": "", "2016-09-30": "", "2016-06-30": ""}, "Total Long-Term Assets": {"2020-09-30": "", "2020-06-30": "", "2020-03-31": "", "2019-12-31": "", "2019-09-30": "", "2019-06-30": "", "2019-03-31": "", "2018-12-31": "", "2018-09-30": "", "2018-06-30": "", "2018-03-31": "", "2017-12-31": "", "2017-09-30": "", "2017-06-30": "", "2017-03-31": "", "2016-12-31": "", "2016-09-30": "", "2016-06-30": ""}, "Total Assets": {"2020-09-30": "0.00000", "2020-06-30": "0.00000", "2020-03-31": "0.00000", "2019-12-31": "0.00000", "2019-09-30": "0.00000", "2019-06-30": "0.00000", "2019-03-31": "0.00000", "2018-12-31": "0.00000", "2018-09-30": "0.00000", "2018-06-30": "0.00000", "2018-03-31": "0.00000", "2017-12-31": "0.00000", "2017-09-30": "0.00000", "2017-06-30": "0.00000", "2017-03-31": "0.00000", "2016-12-31": "0.00000", "2016-09-30": "0.00000", "2016-06-30": "0.00000"}, "Total Current Liabilities": {"2020-09-30": "", "2020-06-30": "", "2020-03-31": "", "2019-12-31": "", "2019-09-30": "", "2019-06-30": "", "2019-03-31": "", "2018-12-31": "", "2018-09-30": "", "2018-06-30": "", "2018-03-31": "", "2017-12-31": "", "2017-09-30": "", "2017-06-30": "", "2017-03-31": "", "2016-12-31": "", "2016-09-30": "", "2016-06-30": ""}, "Long Term Debt": {"2020-09-30": "", "2020-06-30": "", "2020-03-31": "", "2019-12-31": "", "2019-09-30": "", "2019-06-30": "", "2019-03-31": "", "2018-12-31": "", "2018-09-30": "", "2018-06-30": "", "2018-03-31": "", "2017-12-31": "", "2017-09-30": "", "2017-06-30": "", "2017-03-31": "", "2016-12-31": "", "2016-09-30": "", "2016-06-30": ""}, "Other Non-Current Liabilities": {"2020-09-30": "", "2020-06-30": "", "2020-03-31": "", "2019-12-31": "", "2019-09-30": "", "2019-06-30": "", "2019-03-31": "", "2018-12-31": "", "2018-09-30": "", "2018-06-30": "", "2018-03-31": "", "2017-12-31": "", "2017-09-30": "", "2017-06-30": "", "2017-03-31": "", "2016-12-31": "", "2016-09-30": "", "2016-06-30": ""}, "Total Long Term Liabilities": {"2020-09-30": "", "2020-06-30": "", "2020-03-31": "", "2019-12-31": "", "2019-09-30": "", "2019-06-30": "", "2019-03-31": "", "2018-12-31": "", "2018-09-30": "", "2018-06-30": "", "2018-03-31": "", "2017-12-31": "", "2017-09-30": "", "2017-06-30": "", "2017-03-31": "", "2016-12-31": "", "2016-09-30": "", "2016-06-30": ""}, "Total Liabilities": {"2020-09-30": "", "2020-06-30": "", "2020-03-31": "", "2019-12-31": "", "2019-09-30": "", "2019-06-30": "", "2019-03-31": "", "2018-12-31": "", "2018-09-30": "", "2018-06-30": "", "2018-03-31": "", "2017-12-31": "", "2017-09-30": "", "2017-06-30": "", "2017-03-31": "", "2016-12-31": "", "2016-09-30": "", "2016-06-30": ""}, "Common Stock Net": {"2020-09-30": "", "2020-06-30": "", "2020-03-31": "", "2019-12-31": "", "2019-09-30": "", "2019-06-30": "", "2019-03-31": "", "2018-12-31": "", "2018-09-30": "", "2018-06-30": "", "2018-03-31": "", "2017-12-31": "", "2017-09-30": "", "2017-06-30": "", "2017-03-31": "", "2016-12-31": "", "2016-09-30": "", "2016-06-30": ""}, "Retained Earnings (Accumulated Deficit)": {"2020-09-30": "", "2020-06-30": "", "2020-03-31": "", "2019-12-31": "", "2019-09-30": "", "2019-06-30": "", "2019-03-31": "", "2018-12-31": "", "2018-09-30": "", "2018-06-30": "", "2018-03-31": "", "2017-12-31": "", "2017-09-30": "", "2017-06-30": "", "2017-03-31": "", "2016-12-31": "", "2016-09-30": "", "2016-06-30": ""}, "Comprehensive Income": {"2020-09-30": "", "2020-06-30": "", "2020-03-31": "", "2019-12-31": "", "2019-09-30": "", "2019-06-30": "", "2019-03-31": "", "2018-12-31": "", "2018-09-30": "", "2018-06-30": "", "2018-03-31": "", "2017-12-31": "", "2017-09-30": "", "2017-06-30": "", "2017-03-31": "", "2016-12-31": "", "2016-09-30": "", "2016-06-30": ""}, "Other Share Holders Equity": {"2020-09-30": "", "2020-06-30": "", "2020-03-31": "", "2019-12-31": "", "2019-09-30": "", "2019-06-30": "", "2019-03-31": "", "2018-12-31": "", "2018-09-30": "", "2018-06-30": "", "2018-03-31": "", "2017-12-31": "", "2017-09-30": "", "2017-06-30": "", "2017-03-31": "", "2016-12-31": "", "2016-09-30": "", "2016-06-30": ""}, "Share Holder Equity": {"2020-09-30": "", "2020-06-30": "", "2020-03-31": "", "2019-12-31": "", "2019-09-30": "", "2019-06-30": "", "2019-03-31": "", "2018-12-31": "", "2018-09-30": "", "2018-06-30": "", "2018-03-31": "", "2017-12-31": "", "2017-09-30": "", "2017-06-30": "", "2017-03-31": "", "2016-12-31": "", "2016-09-30": "", "2016-06-30": ""}, "Total Liabilities And Share Holders Equity": {"2020-09-30": "", "2020-06-30": "", "2020-03-31": "", "2019-12-31": "", "2019-09-30": "", "2019-06-30": "", "2019-03-31": "", "2018-12-31": "", "2018-09-30": "", "2018-06-30": "", "2018-03-31": "", "2017-12-31": "", "2017-09-30": "", "2017-06-30": "", "2017-03-31": "", "2016-12-31": "", "2016-09-30": "", "2016-06-30": ""}}, "cash flow statement": {"Net Income/Loss": {"2019-12-31": "0.00000", "2018-12-31": "0.00000", "2017-12-31": "0.00000", "2016-12-31": "0.00000"}, "Total Depreciation And Amortization - Cash Flow": {"2019-12-31": "", "2018-12-31": "", "2017-12-31": "", "2016-12-31": ""}, "Other Non-Cash Items": {"2019-12-31": "", "2018-12-31": "", "2017-12-31": "", "2016-12-31": ""}, "Total Non-Cash Items": {"2019-12-31": "", "2018-12-31": "", "2017-12-31": "", "2016-12-31": ""}, "Change In Accounts Receivable": {"2019-12-31": "", "2018-12-31": "", "2017-12-31": "", "2016-12-31": ""}, "Change In Inventories": {"2019-12-31": "", "2018-12-31": "", "2017-12-31": "", "2016-12-31": ""}, "Change In Accounts Payable": {"2019-12-31": "", "2018-12-31": "", "2017-12-31": "", "2016-12-31": ""}, "Change In Assets/Liabilities": {"2019-12-31": "", "2018-12-31": "", "2017-12-31": "", "2016-12-31": ""}, "Total Change In Assets/Liabilities": {"2019-12-31": "", "2018-12-31": "", "2017-12-31": "", "2016-12-31": ""}, "Cash Flow From Operating Activities": {"2019-12-31": "", "2018-12-31": "", "2017-12-31": "", "2016-12-31": ""}, "Net Change In Property, Plant, And Equipment": {"2019-12-31": "", "2018-12-31": "", "2017-12-31": "", "2016-12-31": ""}, "Net Change In Intangible Assets": {"2019-12-31": "", "2018-12-31": "", "2017-12-31": "", "2016-12-31": ""}, "Net Acquisitions/Divestitures": {"2019-12-31": "", "2018-12-31": "", "2017-12-31": "", "2016-12-31": ""}, "Net Change In Short-term Investments": {"2019-12-31": "", "2018-12-31": "", "2017-12-31": "", "2016-12-31": ""}, "Net Change In Long-Term Investments": {"2019-12-31": "", "2018-12-31": "", "2017-12-31": "", "2016-12-31": ""}, "Net Change In Investments - Total": {"2019-12-31": "", "2018-12-31": "", "2017-12-31": "", "2016-12-31": ""}, "Investing Activities - Other": {"2019-12-31": "", "2018-12-31": "", "2017-12-31": "", "2016-12-31": ""}, "Cash Flow From Investing Activities": {"2019-12-31": "", "2018-12-31": "", "2017-12-31": "", "2016-12-31": ""}, "Net Long-Term Debt": {"2019-12-31": "", "2018-12-31": "", "2017-12-31": "", "2016-12-31": ""}, "Net Current Debt": {"2019-12-31": "", "2018-12-31": "", "2017-12-31": "", "2016-12-31": ""}, "Debt Issuance/Retirement Net - Total": {"2019-12-31": "", "2018-12-31": "", "2017-12-31": "", "2016-12-31": ""}, "Net Common Equity Issued/Repurchased": {"2019-12-31": "", "2018-12-31": "", "2017-12-31": "", "2016-12-31": ""}, "Net Total Equity Issued/Repurchased": {"2019-12-31": "", "2018-12-31": "", "2017-12-31": "", "2016-12-31": ""}, "Total Common And Preferred Stock Dividends Paid": {"2019-12-31": "", "2018-12-31": "", "2017-12-31": "", "2016-12-31": ""}, "Financial Activities - Other": {"2019-12-31": "", "2018-12-31": "", "2017-12-31": "", "2016-12-31": ""}, "Cash Flow From Financial Activities": {"2019-12-31": "", "2018-12-31": "", "2017-12-31": "", "2016-12-31": ""}, "Net Cash Flow": {"2019-12-31": "", "2018-12-31": "", "2017-12-31": "", "2016-12-31": ""}, "Stock-Based Compensation": {"2019-12-31": "", "2018-12-31": "", "2017-12-31": "", "2016-12-31": ""}, "Common Stock Dividends Paid": {"2019-12-31": "", "2018-12-31": "", "2017-12-31": "", "2016-12-31": ""}}, "cash flow statement, quarterly": {"Net Income/Loss": {"2020-09-30": 0, "2020-06-30": 0, "2020-03-31": "0.00000", "2019-12-31": 0, "2019-09-30": 0, "2019-06-30": 0, "2019-03-31": "0.00000", "2018-12-31": 0, "2018-09-30": 0, "2018-06-30": 0, "2018-03-31": "0.00000", "2017-12-31": 0, "2017-09-30": 0, "2017-06-30": 0, "2017-03-31": "0.00000", "2016-12-31": 0, "2016-09-30": 0, "2016-06-30": 0}, "Total Depreciation And Amortization - Cash Flow": {"2020-09-30": 0, "2020-06-30": 0, "2020-03-31": "", "2019-12-31": 0, "2019-09-30": 0, "2019-06-30": 0, "2019-03-31": "", "2018-12-31": 0, "2018-09-30": 0, "2018-06-30": 0, "2018-03-31": "", "2017-12-31": 0, "2017-09-30": 0, "2017-06-30": 0, "2017-03-31": "", "2016-12-31": 0, "2016-09-30": 0, "2016-06-30": 0}, "Other Non-Cash Items": {"2020-09-30": 0, "2020-06-30": 0, "2020-03-31": "", "2019-12-31": 0, "2019-09-30": 0, "2019-06-30": 0, "2019-03-31": "", "2018-12-31": 0, "2018-09-30": 0, "2018-06-30": 0, "2018-03-31": "", "2017-12-31": 0, "2017-09-30": 0, "2017-06-30": 0, "2017-03-31": "", "2016-12-31": 0, "2016-09-30": 0, "2016-06-30": 0}, "Total Non-Cash Items": {"2020-09-30": 0, "2020-06-30": 0, "2020-03-31": "", "2019-12-31": 0, "2019-09-30": 0, "2019-06-30": 0, "2019-03-31": "", "2018-12-31": 0, "2018-09-30": 0, "2018-06-30": 0, "2018-03-31": "", "2017-12-31": 0, "2017-09-30": 0, "2017-06-30": 0, "2017-03-31": "", "2016-12-31": 0, "2016-09-30": 0, "2016-06-30": 0}, "Change In Accounts Receivable": {"2020-09-30": 0, "2020-06-30": 0, "2020-03-31": "", "2019-12-31": 0, "2019-09-30": 0, "2019-06-30": 0, "2019-03-31": "", "2018-12-31": 0, "2018-09-30": 0, "2018-06-30": 0, "2018-03-31": "", "2017-12-31": 0, "2017-09-30": 0, "2017-06-30": 0, "2017-03-31": "", "2016-12-31": 0, "2016-09-30": 0, "2016-06-30": 0}, "Change In Inventories": {"2020-09-30": 0, "2020-06-30": 0, "2020-03-31": "", "2019-12-31": 0, "2019-09-30": 0, "2019-06-30": 0, "2019-03-31": "", "2018-12-31": 0, "2018-09-30": 0, "2018-06-30": 0, "2018-03-31": "", "2017-12-31": 0, "2017-09-30": 0, "2017-06-30": 0, "2017-03-31": "", "2016-12-31": 0, "2016-09-30": 0, "2016-06-30": 0}, "Change In Accounts Payable": {"2020-09-30": 0, "2020-06-30": 0, "2020-03-31": "", "2019-12-31": 0, "2019-09-30": 0, "2019-06-30": 0, "2019-03-31": "", "2018-12-31": 0, "2018-09-30": 0, "2018-06-30": 0, "2018-03-31": "", "2017-12-31": 0, "2017-09-30": 0, "2017-06-30": 0, "2017-03-31": "", "2016-12-31": 0, "2016-09-30": 0, "2016-06-30": 0}, "Change In Assets/Liabilities": {"2020-09-30": 0, "2020-06-30": 0, "2020-03-31": "", "2019-12-31": 0, "2019-09-30": 0, "2019-06-30": 0, "2019-03-31": "", "2018-12-31": 0, "2018-09-30": 0, "2018-06-30": 0, "2018-03-31": "", "2017-12-31": 0, "2017-09-30": 0, "2017-06-30": 0, "2017-03-31": "", "2016-12-31": 0, "2016-09-30": 0, "2016-06-30": 0}, "Total Change In Assets/Liabilities": {"2020-09-30": 0, "2020-06-30": 0, "2020-03-31": "", "2019-12-31": 0, "2019-09-30": 0, "2019-06-30": 0, "2019-03-31": "", "2018-12-31": 0, "2018-09-30": 0, "2018-06-30": 0, "2018-03-31": "", "2017-12-31": 0, "2017-09-30": 0, "2017-06-30": 0, "2017-03-31": "", "2016-12-31": 0, "2016-09-30": 0, "2016-06-30": 0}, "Cash Flow From Operating Activities": {"2020-09-30": 0, "2020-06-30": 0, "2020-03-31": "", "2019-12-31": 0, "2019-09-30": 0, "2019-06-30": 0, "2019-03-31": "", "2018-12-31": 0, "2018-09-30": 0, "2018-06-30": 0, "2018-03-31": "", "2017-12-31": 0, "2017-09-30": 0, "2017-06-30": 0, "2017-03-31": "", "2016-12-31": 0, "2016-09-30": 0, "2016-06-30": 0}, "Net Change In Property, Plant, And Equipment": {"2020-09-30": 0, "2020-06-30": 0, "2020-03-31": "", "2019-12-31": 0, "2019-09-30": 0, "2019-06-30": 0, "2019-03-31": "", "2018-12-31": 0, "2018-09-30": 0, "2018-06-30": 0, "2018-03-31": "", "2017-12-31": 0, "2017-09-30": 0, "2017-06-30": 0, "2017-03-31": "", "2016-12-31": 0, "2016-09-30": 0, "2016-06-30": 0}, "Net Change In Intangible Assets": {"2020-09-30": 0, "2020-06-30": 0, "2020-03-31": "", "2019-12-31": 0, "2019-09-30": 0, "2019-06-30": 0, "2019-03-31": "", "2018-12-31": 0, "2018-09-30": 0, "2018-06-30": 0, "2018-03-31": "", "2017-12-31": 0, "2017-09-30": 0, "2017-06-30": 0, "2017-03-31": "", "2016-12-31": 0, "2016-09-30": 0, "2016-06-30": 0}, "Net Acquisitions/Divestitures": {"2020-09-30": 0, "2020-06-30": 0, "2020-03-31": "", "2019-12-31": 0, "2019-09-30": 0, "2019-06-30": 0, "2019-03-31": "", "2018-12-31": 0, "2018-09-30": 0, "2018-06-30": 0, "2018-03-31": "", "2017-12-31": 0, "2017-09-30": 0, "2017-06-30": 0, "2017-03-31": "", "2016-12-31": 0, "2016-09-30": 0, "2016-06-30": 0}, "Net Change In Short-term Investments": {"2020-09-30": 0, "2020-06-30": 0, "2020-03-31": "", "2019-12-31": 0, "2019-09-30": 0, "2019-06-30": 0, "2019-03-31": "", "2018-12-31": 0, "2018-09-30": 0, "2018-06-30": 0, "2018-03-31": "", "2017-12-31": 0, "2017-09-30": 0, "2017-06-30": 0, "2017-03-31": "", "2016-12-31": 0, "2016-09-30": 0, "2016-06-30": 0}, "Net Change In Long-Term Investments": {"2020-09-30": 0, "2020-06-30": 0, "2020-03-31": "", "2019-12-31": 0, "2019-09-30": 0, "2019-06-30": 0, "2019-03-31": "", "2018-12-31": 0, "2018-09-30": 0, "2018-06-30": 0, "2018-03-31": "", "2017-12-31": 0, "2017-09-30": 0, "2017-06-30": 0, "2017-03-31": "", "2016-12-31": 0, "2016-09-30": 0, "2016-06-30": 0}, "Net Change In Investments - Total": {"2020-09-30": 0, "2020-06-30": 0, "2020-03-31": "", "2019-12-31": 0, "2019-09-30": 0, "2019-06-30": 0, "2019-03-31": "", "2018-12-31": 0, "2018-09-30": 0, "2018-06-30": 0, "2018-03-31": "", "2017-12-31": 0, "2017-09-30": 0, "2017-06-30": 0, "2017-03-31": "", "2016-12-31": 0, "2016-09-30": 0, "2016-06-30": 0}, "Investing Activities - Other": {"2020-09-30": 0, "2020-06-30": 0, "2020-03-31": "", "2019-12-31": 0, "2019-09-30": 0, "2019-06-30": 0, "2019-03-31": "", "2018-12-31": 0, "2018-09-30": 0, "2018-06-30": 0, "2018-03-31": "", "2017-12-31": 0, "2017-09-30": 0, "2017-06-30": 0, "2017-03-31": "", "2016-12-31": 0, "2016-09-30": 0, "2016-06-30": 0}, "Cash Flow From Investing Activities": {"2020-09-30": 0, "2020-06-30": 0, "2020-03-31": "", "2019-12-31": 0, "2019-09-30": 0, "2019-06-30": 0, "2019-03-31": "", "2018-12-31": 0, "2018-09-30": 0, "2018-06-30": 0, "2018-03-31": "", "2017-12-31": 0, "2017-09-30": 0, "2017-06-30": 0, "2017-03-31": "", "2016-12-31": 0, "2016-09-30": 0, "2016-06-30": 0}, "Net Long-Term Debt": {"2020-09-30": 0, "2020-06-30": 0, "2020-03-31": "", "2019-12-31": 0, "2019-09-30": 0, "2019-06-30": 0, "2019-03-31": "", "2018-12-31": 0, "2018-09-30": 0, "2018-06-30": 0, "2018-03-31": "", "2017-12-31": 0, "2017-09-30": 0, "2017-06-30": 0, "2017-03-31": "", "2016-12-31": 0, "2016-09-30": 0, "2016-06-30": 0}, "Net Current Debt": {"2020-09-30": 0, "2020-06-30": 0, "2020-03-31": "", "2019-12-31": 0, "2019-09-30": 0, "2019-06-30": 0, "2019-03-31": "", "2018-12-31": 0, "2018-09-30": 0, "2018-06-30": 0, "2018-03-31": "", "2017-12-31": 0, "2017-09-30": 0, "2017-06-30": 0, "2017-03-31": "", "2016-12-31": 0, "2016-09-30": 0, "2016-06-30": 0}, "Debt Issuance/Retirement Net - Total": {"2020-09-30": 0, "2020-06-30": 0, "2020-03-31": "", "2019-12-31": 0, "2019-09-30": 0, "2019-06-30": 0, "2019-03-31": "", "2018-12-31": 0, "2018-09-30": 0, "2018-06-30": 0, "2018-03-31": "", "2017-12-31": 0, "2017-09-30": 0, "2017-06-30": 0, "2017-03-31": "", "2016-12-31": 0, "2016-09-30": 0, "2016-06-30": 0}, "Net Common Equity Issued/Repurchased": {"2020-09-30": 0, "2020-06-30": 0, "2020-03-31": "", "2019-12-31": 0, "2019-09-30": 0, "2019-06-30": 0, "2019-03-31": "", "2018-12-31": 0, "2018-09-30": 0, "2018-06-30": 0, "2018-03-31": "", "2017-12-31": 0, "2017-09-30": 0, "2017-06-30": 0, "2017-03-31": "", "2016-12-31": 0, "2016-09-30": 0, "2016-06-30": 0}, "Net Total Equity Issued/Repurchased": {"2020-09-30": 0, "2020-06-30": 0, "2020-03-31": "", "2019-12-31": 0, "2019-09-30": 0, "2019-06-30": 0, "2019-03-31": "", "2018-12-31": 0, "2018-09-30": 0, "2018-06-30": 0, "2018-03-31": "", "2017-12-31": 0, "2017-09-30": 0, "2017-06-30": 0, "2017-03-31": "", "2016-12-31": 0, "2016-09-30": 0, "2016-06-30": 0}, "Total Common And Preferred Stock Dividends Paid": {"2020-09-30": 0, "2020-06-30": 0, "2020-03-31": "", "2019-12-31": 0, "2019-09-30": 0, "2019-06-30": 0, "2019-03-31": "", "2018-12-31": 0, "2018-09-30": 0, "2018-06-30": 0, "2018-03-31": "", "2017-12-31": 0, "2017-09-30": 0, "2017-06-30": 0, "2017-03-31": "", "2016-12-31": 0, "2016-09-30": 0, "2016-06-30": 0}, "Financial Activities - Other": {"2020-09-30": 0, "2020-06-30": 0, "2020-03-31": "", "2019-12-31": 0, "2019-09-30": 0, "2019-06-30": 0, "2019-03-31": "", "2018-12-31": 0, "2018-09-30": 0, "2018-06-30": 0, "2018-03-31": "", "2017-12-31": 0, "2017-09-30": 0, "2017-06-30": 0, "2017-03-31": "", "2016-12-31": 0, "2016-09-30": 0, "2016-06-30": 0}, "Cash Flow From Financial Activities": {"2020-09-30": 0, "2020-06-30": 0, "2020-03-31": "", "2019-12-31": 0, "2019-09-30": 0, "2019-06-30": 0, "2019-03-31": "", "2018-12-31": 0, "2018-09-30": 0, "2018-06-30": 0, "2018-03-31": "", "2017-12-31": 0, "2017-09-30": 0, "2017-06-30": 0, "2017-03-31": "", "2016-12-31": 0, "2016-09-30": 0, "2016-06-30": 0}, "Net Cash Flow": {"2020-09-30": 0, "2020-06-30": 0, "2020-03-31": "", "2019-12-31": 0, "2019-09-30": 0, "2019-06-30": 0, "2019-03-31": "", "2018-12-31": 0, "2018-09-30": 0, "2018-06-30": 0, "2018-03-31": "", "2017-12-31": 0, "2017-09-30": 0, "2017-06-30": 0, "2017-03-31": "", "2016-12-31": 0, "2016-09-30": 0, "2016-06-30": 0}, "Stock-Based Compensation": {"2020-09-30": 0, "2020-06-30": 0, "2020-03-31": "", "2019-12-31": 0, "2019-09-30": 0, "2019-06-30": 0, "2019-03-31": "", "2018-12-31": 0, "2018-09-30": 0, "2018-06-30": 0, "2018-03-31": "", "2017-12-31": 0, "2017-09-30": 0, "2017-06-30": 0, "2017-03-31": "", "2016-12-31": 0, "2016-09-30": 0, "2016-06-30": 0}, "Common Stock Dividends Paid": {"2020-09-30": 0, "2020-06-30": 0, "2020-03-31": "", "2019-12-31": 0, "2019-09-30": 0, "2019-06-30": 0, "2019-03-31": "", "2018-12-31": 0, "2018-09-30": 0, "2018-06-30": 0, "2018-03-31": "", "2017-12-31": 0, "2017-09-30": 0, "2017-06-30": 0, "2017-03-31": "", "2016-12-31": 0, "2016-09-30": 0, "2016-06-30": 0}}, "financial ratios": {"Current Ratio": {"2019-12-31": "", "2018-12-31": "", "2017-12-31": "", "2016-12-31": ""}, "Long-term Debt / Capital": {"2019-12-31": "", "2018-12-31": "", "2017-12-31": "", "2016-12-31": ""}, "Debt/Equity Ratio": {"2019-12-31": "", "2018-12-31": "", "2017-12-31": "", "2016-12-31": ""}, "Gross Margin": {"2019-12-31": "", "2018-12-31": "", "2017-12-31": "", "2016-12-31": ""}, "Operating Margin": {"2019-12-31": "", "2018-12-31": "", "2017-12-31": "", "2016-12-31": ""}, "EBIT Margin": {"2019-12-31": "", "2018-12-31": "", "2017-12-31": "", "2016-12-31": ""}, "EBITDA Margin": {"2019-12-31": "", "2018-12-31": "", "2017-12-31": "", "2016-12-31": ""}, "Pre-Tax Profit Margin": {"2019-12-31": "", "2018-12-31": "", "2017-12-31": "", "2016-12-31": ""}, "Net Profit Margin": {"2019-12-31": "", "2018-12-31": "", "2017-12-31": "", "2016-12-31": ""}, "Asset Turnover": {"2019-12-31": "", "2018-12-31": "", "2017-12-31": "", "2016-12-31": ""}, "Inventory Turnover Ratio": {"2019-12-31": "", "2018-12-31": "", "2017-12-31": "", "2016-12-31": ""}, "Receiveable Turnover": {"2019-12-31": "", "2018-12-31": "", "2017-12-31": "", "2016-12-31": ""}, "Days Sales In Receivables": {"2019-12-31": "", "2018-12-31": "", "2017-12-31": "", "2016-12-31": ""}, "ROE - Return On Equity": {"2019-12-31": "", "2018-12-31": "", "2017-12-31": "", "2016-12-31": ""}, "Return On Tangible Equity": {"2019-12-31": "", "2018-12-31": "", "2017-12-31": "", "2016-12-31": ""}, "ROA - Return On Assets": {"2019-12-31": "", "2018-12-31": "", "2017-12-31": "", "2016-12-31": ""}, "ROI - Return On Investment": {"2019-12-31": "", "2018-12-31": "", "2017-12-31": "", "2016-12-31": ""}, "Book Value Per Share": {"2019-12-31": "", "2018-12-31": "", "2017-12-31": "", "2016-12-31": ""}, "Operating Cash Flow Per Share": {"2019-12-31": 0, "2018-12-31": 0, "2017-12-31": 0, "2016-12-31": 0}, "Free Cash Flow Per Share": {"2019-12-31": 0, "2018-12-31": 0, "2017-12-31": 0, "2016-12-31": 0}}, "financial ratios, quarterly": {"Current Ratio": {"2020-09-30": "", "2020-06-30": "", "2020-03-31": "", "2019-12-31": "", "2019-09-30": "", "2019-06-30": "", "2019-03-31": "", "2018-12-31": "", "2018-09-30": "", "2018-06-30": "", "2018-03-31": "", "2017-12-31": "", "2017-09-30": "", "2017-06-30": "", "2017-03-31": "", "2016-12-31": "", "2016-09-30": "", "2016-06-30": ""}, "Long-term Debt / Capital": {"2020-09-30": "", "2020-06-30": "", "2020-03-31": "", "2019-12-31": "", "2019-09-30": "", "2019-06-30": "", "2019-03-31": "", "2018-12-31": "", "2018-09-30": "", "2018-06-30": "", "2018-03-31": "", "2017-12-31": "", "2017-09-30": "", "2017-06-30": "", "2017-03-31": "", "2016-12-31": "", "2016-09-30": "", "2016-06-30": ""}, "Debt/Equity Ratio": {"2020-09-30": "", "2020-06-30": "", "2020-03-31": "", "2019-12-31": "", "2019-09-30": "", "2019-06-30": "", "2019-03-31": "", "2018-12-31": "", "2018-09-30": "", "2018-06-30": "", "2018-03-31": "", "2017-12-31": "", "2017-09-30": "", "2017-06-30": "", "2017-03-31": "", "2016-12-31": "", "2016-09-30": "", "2016-06-30": ""}, "Gross Margin": {"2020-09-30": "", "2020-06-30": "", "2020-03-31": "", "2019-12-31": "", "2019-09-30": "", "2019-06-30": "", "2019-03-31": "", "2018-12-31": "", "2018-09-30": "", "2018-06-30": "", "2018-03-31": "", "2017-12-31": "", "2017-09-30": "", "2017-06-30": "", "2017-03-31": "", "2016-12-31": "", "2016-09-30": "", "2016-06-30": ""}, "Operating Margin": {"2020-09-30": "", "2020-06-30": "", "2020-03-31": "", "2019-12-31": "", "2019-09-30": "", "2019-06-30": "", "2019-03-31": "", "2018-12-31": "", "2018-09-30": "", "2018-06-30": "", "2018-03-31": "", "2017-12-31": "", "2017-09-30": "", "2017-06-30": "", "2017-03-31": "", "2016-12-31": "", "2016-09-30": "", "2016-06-30": ""}, "EBIT Margin": {"2020-09-30": "", "2020-06-30": "", "2020-03-31": "", "2019-12-31": "", "2019-09-30": "", "2019-06-30": "", "2019-03-31": "", "2018-12-31": "", "2018-09-30": "", "2018-06-30": "", "2018-03-31": "", "2017-12-31": "", "2017-09-30": "", "2017-06-30": "", "2017-03-31": "", "2016-12-31": "", "2016-09-30": "", "2016-06-30": ""}, "EBITDA Margin": {"2020-09-30": "", "2020-06-30": "", "2020-03-31": "", "2019-12-31": "", "2019-09-30": "", "2019-06-30": "", "2019-03-31": "", "2018-12-31": "", "2018-09-30": "", "2018-06-30": "", "2018-03-31": "", "2017-12-31": "", "2017-09-30": "", "2017-06-30": "", "2017-03-31": "", "2016-12-31": "", "2016-09-30": "", "2016-06-30": ""}, "Pre-Tax Profit Margin": {"2020-09-30": "", "2020-06-30": "", "2020-03-31": "", "2019-12-31": "", "2019-09-30": "", "2019-06-30": "", "2019-03-31": "", "2018-12-31": "", "2018-09-30": "", "2018-06-30": "", "2018-03-31": "", "2017-12-31": "", "2017-09-30": "", "2017-06-30": "", "2017-03-31": "", "2016-12-31": "", "2016-09-30": "", "2016-06-30": ""}, "Net Profit Margin": {"2020-09-30": "", "2020-06-30": "", "2020-03-31": "", "2019-12-31": "", "2019-09-30": "", "2019-06-30": "", "2019-03-31": "", "2018-12-31": "", "2018-09-30": "", "2018-06-30": "", "2018-03-31": "", "2017-12-31": "", "2017-09-30": "", "2017-06-30": "", "2017-03-31": "", "2016-12-31": "", "2016-09-30": "", "2016-06-30": ""}, "Asset Turnover": {"2020-09-30": "", "2020-06-30": "", "2020-03-31": "", "2019-12-31": "", "2019-09-30": "", "2019-06-30": "", "2019-03-31": "", "2018-12-31": "", "2018-09-30": "", "2018-06-30": "", "2018-03-31": "", "2017-12-31": "", "2017-09-30": "", "2017-06-30": "", "2017-03-31": "", "2016-12-31": "", "2016-09-30": "", "2016-06-30": ""}, "Inventory Turnover Ratio": {"2020-09-30": "", "2020-06-30": "", "2020-03-31": "", "2019-12-31": "", "2019-09-30": "", "2019-06-30": "", "2019-03-31": "", "2018-12-31": "", "2018-09-30": "", "2018-06-30": "", "2018-03-31": "", "2017-12-31": "", "2017-09-30": "", "2017-06-30": "", "2017-03-31": "", "2016-12-31": "", "2016-09-30": "", "2016-06-30": ""}, "Receiveable Turnover": {"2020-09-30": "", "2020-06-30": "", "2020-03-31": "", "2019-12-31": "", "2019-09-30": "", "2019-06-30": "", "2019-03-31": "", "2018-12-31": "", "2018-09-30": "", "2018-06-30": "", "2018-03-31": "", "2017-12-31": "", "2017-09-30": "", "2017-06-30": "", "2017-03-31": "", "2016-12-31": "", "2016-09-30": "", "2016-06-30": ""}, "Days Sales In Receivables": {"2020-09-30": "", "2020-06-30": "", "2020-03-31": "", "2019-12-31": "", "2019-09-30": "", "2019-06-30": "", "2019-03-31": "", "2018-12-31": "", "2018-09-30": "", "2018-06-30": "", "2018-03-31": "", "2017-12-31": "", "2017-09-30": "", "2017-06-30": "", "2017-03-31": "", "2016-12-31": "", "2016-09-30": "", "2016-06-30": ""}, "ROE - Return On Equity": {"2020-09-30": "", "2020-06-30": "", "2020-03-31": "", "2019-12-31": "", "2019-09-30": "", "2019-06-30": "", "2019-03-31": "", "2018-12-31": "", "2018-09-30": "", "2018-06-30": "", "2018-03-31": "", "2017-12-31": "", "2017-09-30": "", "2017-06-30": "", "2017-03-31": "", "2016-12-31": "", "2016-09-30": "", "2016-06-30": ""}, "Return On Tangible Equity": {"2020-09-30": "", "2020-06-30": "", "2020-03-31": "", "2019-12-31": "", "2019-09-30": "", "2019-06-30": "", "2019-03-31": "", "2018-12-31": "", "2018-09-30": "", "2018-06-30": "", "2018-03-31": "", "2017-12-31": "", "2017-09-30": "", "2017-06-30": "", "2017-03-31": "", "2016-12-31": "", "2016-09-30": "", "2016-06-30": ""}, "ROA - Return On Assets": {"2020-09-30": "", "2020-06-30": "", "2020-03-31": "", "2019-12-31": "", "2019-09-30": "", "2019-06-30": "", "2019-03-31": "", "2018-12-31": "", "2018-09-30": "", "2018-06-30": "", "2018-03-31": "", "2017-12-31": "", "2017-09-30": "", "2017-06-30": "", "2017-03-31": "", "2016-12-31": "", "2016-09-30": "", "2016-06-30": ""}, "ROI - Return On Investment": {"2020-09-30": "", "2020-06-30": "", "2020-03-31": "", "2019-12-31": "", "2019-09-30": "", "2019-06-30": "", "2019-03-31": "", "2018-12-31": "", "2018-09-30": "", "2018-06-30": "", "2018-03-31": "", "2017-12-31": "", "2017-09-30": "", "2017-06-30": "", "2017-03-31": "", "2016-12-31": "", "2016-09-30": "", "2016-06-30": ""}, "Book Value Per Share": {"2020-09-30": "", "2020-06-30": "", "2020-03-31": "", "2019-12-31": "", "2019-09-30": "", "2019-06-30": "", "2019-03-31": "", "2018-12-31": "", "2018-09-30": "", "2018-06-30": "", "2018-03-31": "", "2017-12-31": "", "2017-09-30": "", "2017-06-30": "", "2017-03-31": "", "2016-12-31": "", "2016-09-30": "", "2016-06-30": ""}, "Operating Cash Flow Per Share": {"2020-09-30": 0, "2020-06-30": 0, "2020-03-31": "", "2019-12-31": 0, "2019-09-30": 0, "2019-06-30": 0, "2019-03-31": "", "2018-12-31": 0, "2018-09-30": 0, "2018-06-30": 0, "2018-03-31": "", "2017-12-31": 0, "2017-09-30": 0, "2017-06-30": 0, "2017-03-31": "", "2016-12-31": 0, "2016-09-30": 0, "2016-06-30": 0}, "Free Cash Flow Per Share": {"2020-09-30": 0, "2020-06-30": 0, "2020-03-31": "", "2019-12-31": 0, "2019-09-30": 0, "2019-06-30": 0, "2019-03-31": "", "2018-12-31": 0, "2018-09-30": 0, "2018-06-30": 0, "2018-03-31": "", "2017-12-31": 0, "2017-09-30": 0, "2017-06-30": 0, "2017-03-31": "", "2016-12-31": 0, "2016-09-30": 0, "2016-06-30": 0}}, "revenue": {"Liberty Media Annual Revenue (Millions of US $)": {"2019": "$", "2018": "$", "2017": "$", "2016": "$"}, "Liberty Media Quarterly Revenue (Millions of US $)": {"2020-09-30": "", "2020-06-30": "", "2020-03-31": "", "2019-12-31": "", "2019-09-30": "", "2019-06-30": "", "2019-03-31": "", "2018-12-31": "", "2018-09-30": "", "2018-06-30": "", "2018-03-31": "", "2017-12-31": "", "2017-09-30": "", "2017-06-30": "", "2017-03-31": "", "2016-12-31": "", "2016-09-30": "", "2016-06-30": ""}}, "gross-profit": {"Liberty Media Annual Gross Profit (Millions of US $)": {"2019": "$", "2018": "$", "2017": "$", "2016": "$"}, "Liberty Media Quarterly Gross Profit (Millions of US $)": {"2020-09-30": "", "2020-06-30": "", "2020-03-31": "", "2019-12-31": "", "2019-09-30": "", "2019-06-30": "", "2019-03-31": "", "2018-12-31": "", "2018-09-30": "", "2018-06-30": "", "2018-03-31": "", "2017-12-31": "", "2017-09-30": "", "2017-06-30": "", "2017-03-31": "", "2016-12-31": "", "2016-09-30": "", "2016-06-30": ""}}, "operating-income": {"Liberty Media Annual Operating Income (Millions of US $)": {"2019": "$", "2018": "$", "2017": "$", "2016": "$"}, "Liberty Media Quarterly Operating Income (Millions of US $)": {"2020-09-30": "", "2020-06-30": "", "2020-03-31": "", "2019-12-31": "", "2019-09-30": "", "2019-06-30": "", "2019-03-31": "", "2018-12-31": "", "2018-09-30": "", "2018-06-30": "", "2018-03-31": "", "2017-12-31": "", "2017-09-30": "", "2017-06-30": "", "2017-03-31": "", "2016-12-31": "", "2016-09-30": "", "2016-06-30": ""}}, "ebitda": {"Liberty Media Annual EBITDA (Millions of US $)": {"2019": "$", "2018": "$", "2017": "$", "2016": "$"}, "Liberty Media Quarterly EBITDA (Millions of US $)": {"2020-09-30": "", "2020-06-30": "", "2020-03-31": "", "2019-12-31": "", "2019-09-30": "", "2019-06-30": "", "2019-03-31": "", "2018-12-31": "", "2018-09-30": "", "2018-06-30": "", "2018-03-31": "", "2017-12-31": "", "2017-09-30": "", "2017-06-30": "", "2017-03-31": "", "2016-12-31": "", "2016-09-30": "", "2016-06-30": ""}}, "net-income": {"Liberty Media Annual Net Income (Millions of US $)": {"2019": "$494", "2018": "$676", "2017": "$1,124", "2016": "$297"}, "Liberty Media Quarterly Net Income (Millions of US $)": {"2020-09-30": "", "2020-06-30": "", "2020-03-31": "", "2019-12-31": "", "2019-09-30": "", "2019-06-30": "", "2019-03-31": "", "2018-12-31": "", "2018-09-30": "", "2018-06-30": "", "2018-03-31": "", "2017-12-31": "", "2017-09-30": "", "2017-06-30": "", "2017-03-31": "", "2016-12-31": "", "2016-09-30": "", "2016-06-30": ""}}, "eps-earnings-per-share-diluted": {"Liberty Media Annual EPS": {"2019": "$1.53", "2018": "$2.01", "2017": "$3.31", "2016": "$0.88"}, "Liberty Media Quarterly EPS": {"2020-09-30": "$0.03", "2020-06-30": "$-0.27", "2020-03-31": "$0.57", "2019-12-31": "$0.39", "2019-09-30": "$0.44", "2019-06-30": "$0.52", "2019-03-31": "$0.19", "2018-12-31": "$0.38", "2018-09-30": "$0.55", "2018-06-30": "$0.49", "2018-03-31": "$0.59", "2017-12-31": "$2.04", "2017-09-30": "$0.54", "2017-06-30": "$0.36", "2017-03-31": "$0.37", "2016-12-31": "$0.35", "2016-09-30": "$0.28", "2016-06-30": "$0.24"}}, "shares-outstanding": {"Liberty Media Annual Shares Outstanding (Millions of Shares)": {"2019": "323", "2018": "336", "2017": "340", "2016": "338"}, "Liberty Media Quarterly Shares Outstanding (Millions of Shares)": {"2020-09-30": "", "2020-06-30": "", "2020-03-31": "", "2019-12-31": "", "2019-09-30": "", "2019-06-30": "", "2019-03-31": "", "2018-12-31": "", "2018-09-30": "", "2018-06-30": "", "2018-03-31": "", "2017-12-31": "", "2017-09-30": "", "2017-06-30": "", "2017-03-31": "", "2016-12-31": "", "2016-09-30": "", "2016-06-30": ""}}, "total-assets": {"Liberty Media Annual Total Assets (Millions of US $)": {"2019": "$0", "2018": "$0", "2017": "$0", "2016": "$0"}, "Liberty Media Quarterly Total Assets (Millions of US $)": {"2020-09-30": "$0", "2020-06-30": "$0", "2020-03-31": "$0", "2019-12-31": "$0", "2019-09-30": "$0", "2019-06-30": "$0", "2019-03-31": "$0", "2018-12-31": "$0", "2018-09-30": "$0", "2018-06-30": "$0", "2018-03-31": "$0", "2017-12-31": "$0", "2017-09-30": "$0", "2017-06-30": "$0", "2017-03-31": "$0", "2016-12-31": "$0", "2016-09-30": "$0", "2016-06-30": "$0"}}, "cash-on-hand": {"Liberty Media Annual Cash on Hand (Millions of US $)": {"2019": "$", "2018": "$", "2017": "$", "2016": "$"}, "Liberty Media Quarterly Cash on Hand (Millions of US $)": {"2020-09-30": "", "2020-06-30": "", "2020-03-31": "", "2019-12-31": "", "2019-09-30": "", "2019-06-30": "", "2019-03-31": "", "2018-12-31": "", "2018-09-30": "", "2018-06-30": "", "2018-03-31": "", "2017-12-31": "", "2017-09-30": "", "2017-06-30": "", "2017-03-31": "", "2016-12-31": "", "2016-09-30": "", "2016-06-30": ""}}, "long-term-debt": {"Liberty Media Annual Long Term Debt (Millions of US $)": {"2019": "$", "2018": "$", "2017": "$", "2016": "$"}, "Liberty Media Quarterly Long Term Debt (Millions of US $)": {"2020-09-30": "", "2020-06-30": "", "2020-03-31": "", "2019-12-31": "", "2019-09-30": "", "2019-06-30": "", "2019-03-31": "", "2018-12-31": "", "2018-09-30": "", "2018-06-30": "", "2018-03-31": "", "2017-12-31": "", "2017-09-30": "", "2017-06-30": "", "2017-03-31": "", "2016-12-31": "", "2016-09-30": "", "2016-06-30": ""}}, "total-liabilities": {"Liberty Media Annual Total Liabilities (Millions of US $)": {"2019": "$", "2018": "$", "2017": "$", "2016": "$"}, "Liberty Media Quarterly Total Liabilities (Millions of US $)": {"2020-09-30": "", "2020-06-30": "", "2020-03-31": "", "2019-12-31": "", "2019-09-30": "", "2019-06-30": "", "2019-03-31": "", "2018-12-31": "", "2018-09-30": "", "2018-06-30": "", "2018-03-31": "", "2017-12-31": "", "2017-09-30": "", "2017-06-30": "", "2017-03-31": "", "2016-12-31": "", "2016-09-30": "", "2016-06-30": ""}}, "total-share-holder-equity": {"Liberty Media Annual Share Holder Equity (Millions of US $)": {"2019": "$", "2018": "$", "2017": "$", "2016": "$"}, "Liberty Media Quarterly Share Holder Equity (Millions of US $)": {"2020-09-30": "", "2020-06-30": "", "2020-03-31": "", "2019-12-31": "", "2019-09-30": "", "2019-06-30": "", "2019-03-31": "", "2018-12-31": "", "2018-09-30": "", "2018-06-30": "", "2018-03-31": "", "2017-12-31": "", "2017-09-30": "", "2017-06-30": "", "2017-03-31": "", "2016-12-31": "", "2016-09-30": "", "2016-06-30": ""}}, "profit-margins": {"current": "0%"}, "gross margin": {}, "operating margin": {}, "ebitda margin": {}, "pre tax profit margin": {}, "net profit margin": {}, "pe ratio": {"current": "59.40", "2021-02-05": "59.40", "2020-09-30": "45.94", "2020-06-30": "30.49", "2020-03-31": "16.47", "2019-12-31": "31.26", "2019-09-30": "27.42", "2019-06-30": "23.16", "2019-03-31": "23.75", "2018-12-31": "18.40", "2018-09-30": "11.84", "2018-06-30": "12.39", "2018-03-31": "11.57", "2017-12-31": "11.98", "2017-09-30": "25.85", "2017-06-30": "30.66", "2017-03-31": "31.27"}, "price sales": {"2021-02-05": "inf", "2020-09-30": "0.00", "2020-06-30": "0.00", "2020-03-31": "0.00", "2019-12-31": "0.00", "2019-09-30": "0.00", "2019-06-30": "0.00", "2019-03-31": "0.00", "2018-12-31": "0.00", "2018-09-30": "0.00", "2018-06-30": "0.00", "2018-03-31": "0.00", "2017-12-31": "0.00", "2017-09-30": "0.00", "2017-06-30": "0.00", "2017-03-31": "0.00"}, "price book": {"current": "0.00", "2021-02-05": "inf", "2020-09-30": "0.00", "2020-06-30": "0.00", "2020-03-31": "0.00", "2019-12-31": "0.00", "2019-09-30": "0.00", "2019-06-30": "0.00", "2019-03-31": "0.00", "2018-12-31": "0.00", "2018-09-30": "0.00", "2018-06-30": "0.00", "2018-03-31": "0.00", "2017-12-31": "0.00", "2017-09-30": "0.00", "2017-06-30": "0.00", "2017-03-31": "0.00", "2016-12-31": "0.00", "2016-09-30": "0.00", "2016-06-30": "0.00"}, "price fcf": {"2021-02-05": "", "2020-09-30": "0", "2020-06-30": "0", "2020-03-31": "0", "2019-12-31": "0", "2019-09-30": "0", "2019-06-30": "0", "2019-03-31": "0", "2018-12-31": "0", "2018-09-30": "0", "2018-06-30": "0", "2018-03-31": "0", "2017-12-31": "0", "2017-09-30": "0", "2017-06-30": "0", "2017-03-31": "0"}, "net worth": {"value": "$9.83B"}, "current ratio": {"2020-09-30": "0.00", "2020-06-30": "0.00", "2020-03-31": "0.00", "2019-12-31": "0.00", "2019-09-30": "0.00", "2019-06-30": "0.00", "2019-03-31": "0.00", "2018-12-31": "0.00", "2018-09-30": "0.00", "2018-06-30": "0.00", "2018-03-31": "0.00", "2017-12-31": "0.00", "2017-09-30": "0.00", "2017-06-30": "0.00", "2017-03-31": "0.00", "2016-12-31": "0.00", "2016-09-30": "0.00", "2016-06-30": "0.00"}, "quick ratio": {"2020-09-30": "0.00", "2020-06-30": "0.00", "2020-03-31": "0.00", "2019-12-31": "0.00", "2019-09-30": "0.00", "2019-06-30": "0.00", "2019-03-31": "0.00", "2018-12-31": "0.00", "2018-09-30": "0.00", "2018-06-30": "0.00", "2018-03-31": "0.00", "2017-12-31": "0.00", "2017-09-30": "0.00", "2017-06-30": "0.00", "2017-03-31": "0.00", "2016-12-31": "0.00", "2016-09-30": "0.00", "2016-06-30": "0.00"}, "debt equity ratio": {"current": "0.00", "2020-09-30": "0.00", "2020-06-30": "0.00", "2020-03-31": "0.00", "2019-12-31": "0.00", "2019-09-30": "0.00", "2019-06-30": "0.00", "2019-03-31": "0.00", "2018-12-31": "0.00", "2018-09-30": "0.00", "2018-06-30": "0.00", "2018-03-31": "0.00", "2017-12-31": "0.00", "2017-09-30": "0.00", "2017-06-30": "0.00", "2017-03-31": "0.00", "2016-12-31": "0.00", "2016-09-30": "0.00", "2016-06-30": "0.00"}, "return on equity": {}, "return on assets": {}, "return on investments": {}, "return on tangible equity": {}, "dividend yield history": {"last payout": "$0.00", "last yield": "0.00%"}}